id,project_code,pq_,po_/_so_,asn/dn_,country,managed_by,fulfill_via,vendor_inco_term,shipment_mode,pq_first_sent_to_client_date,po_sent_to_vendor_date,scheduled_delivery_date,delivered_to_client_date,delivery_recorded_date,product_group,sub_classification,vendor,item_description,molecule/test_type,brand,dosage,dosage_form,unit_of_measure_(per_pack),line_item_quantity,line_item_value,pack_price,unit_price,manufacturing_site,first_line_designation,weight_(kilograms),freight_cost_(usd),line_item_insurance_(usd)
1140,133-NG-T01,Pre-PQ Process,SCMS-43330,ASN-4437,Nigeria,PMO - US,Direct Drop,EXW,Air,Pre-PQ Process,4/9/2009,18-Aug-09,18-Aug-09,18-Aug-09,HRDT,HIV test,"Orgenics, Ltd","HIV 1/2, Determine Complete HIV Kit, 100 Tests","HIV 1/2, Determine Complete HIV Kit",Determine,,Test kit,100,6395,511600.0,80.0,0.8,Inverness Japan,Yes,1915,24514.33,1002.74
84134,101-CD-T30,FPQ-8840,SO-41136,DN-2498,"Congo, DRC",PMO - US,From RDC,N/A - From RDC,Air,11/21/2011,N/A - From RDC,16-Mar-12,14-Feb-12,14-Feb-12,ARV,Adult,SCMS from RDC,"Lamivudine/Nevirapine/Zidovudine 150/200/300mg, tablets, 60 Tabs",Lamivudine/Nevirapine/Zidovudine,Generic,150/300/200mg,Tablet - FDC,60,30,330.0,11.0,0.18,Mylan (formerly Matrix) Nashik,No,See DN-2498 (ID#:83002),See DN-2498 (ID#:83002),0.46
83878,114-UG-T30,FPQ-14396,SO-48994,DN-4101,Uganda,PMO - US,From RDC,N/A - From RDC,Truck,6/4/2014,N/A - From RDC,27-Feb-15,25-Feb-15,5-Mar-15,ARV,Pediatric,SCMS from RDC,"Abacavir/Lamivudine 60/30mg, tablets, 60 Tabs",Abacavir/Lamivudine,Generic,60/30mg,Tablet - FDC,60,11106,45423.54,4.09,0.07,Mylan (formerly Matrix) Nashik,No,See DN-4101 (ID#:82773),See DN-4101 (ID#:82773),46.7
12079,107-RW-T01,Pre-PQ Process,SO-825,DN-264,Rwanda,PMO - US,From RDC,N/A - From RDC,Air,Pre-PQ Process,N/A - From RDC,6-Aug-07,6-Aug-07,6-Aug-07,HRDT,HIV test,SCMS from RDC,"HIV 1/2, Uni-Gold HIV Kit, 20 Tests","HIV 1/2, Uni-Gold HIV Kit",Uni-Gold,,Test kit,20,92,2944.0,32.0,1.6,"Trinity Biotech, Plc",Yes,28,1604.96,4.71
84951,113-ZW-T30,FPQ-13508,SO-47540,DN-3825,Zimbabwe,PMO - US,From RDC,N/A - From RDC,Truck,12/24/2013,N/A - From RDC,30-Sep-14,29-Jun-14,4-Aug-14,ARV,Adult,SCMS from RDC,"Nevirapine 200mg, tablets, 60 Tabs",Nevirapine,Generic,200mg,Tablet,60,48253,105191.54,2.18,0.04,"Strides, Bangalore, India.",No,See DN-3825 (ID#:82702),See DN-3825 (ID#:82702),108.14
11394,110-ZM-T01,Pre-PQ Process,SO-479,DN-186,Zambia,PMO - US,From RDC,N/A - From RDC,,Pre-PQ Process,N/A - From RDC,12-Jun-07,12-Jun-07,12-Jun-07,ARV,Pediatric,SCMS from RDC,"Efavirenz 50mg [Stocrin/Sustiva], capsule, 30 Caps",Efavirenz,Stocrin/Sustiva,50mg,Capsule,30,570,1977.9,3.47,0.12,"MSD Manati, Puerto Rico, (USA)",Yes,26,505.17,
85882,107-RW-T30,FPQ-10119,SO-42750,DN-2770,Rwanda,PMO - US,From RDC,N/A - From RDC,Air,6/18/2012,N/A - From RDC,31-Aug-12,16-Aug-12,16-Aug-12,ARV,Adult,SCMS from RDC,"Zidovudine 300mg, tablets, 60 Tabs",Zidovudine,Generic,300mg,Tablet,60,90,608.4,6.76,0.11,Hetero Unit III Hyderabad IN,Yes,5,721.36,0.85
5596,128-BJ-T01,Pre-PQ Process,SCMS-17280,ASN-1380,Benin,PMO - US,Direct Drop,EXW,Air,Pre-PQ Process,2/6/2008,10-Mar-08,4-Mar-08,4-Mar-08,HRDT,HIV test,"Orgenics, Ltd","HIV 1/2, Determine HIV Kit, without Lancets, 100 Tests","HIV 1/2, Determine HIV Kit, without Lancets",Determine,,Test kit,100,1436,103377.64,71.99,0.72,Inverness Japan,Yes,327,6687.51,165.4
54019,100-ZM-T30,FPQ-12546,SCMS-201860,ASN-21891,Zambia,PMO - US,Direct Drop,EXW,Ocean,6/27/2013,8/19/2013,25-Feb-14,25-Feb-14,25-Feb-14,ARV,Adult,Aurobindo Pharma Limited,"Efavirenz/Emtricitabine/Tenofovir Disoproxil Fumarate 600/200/300mg, tablets, 30 Tabs",Efavirenz/Emtricitabine/Tenofovir Disoproxil Fumarate,Generic,600/200/300mg,Tablet - FDC,30,77654,916317.2,11.8,0.39,"Aurobindo Unit VII, IN",Yes,8725,54417.75,1133.48
39427,104-CI-T30,FPQ-4698,SCMS-64940,ASN-8199,Côte d'Ivoire,PMO - US,Direct Drop,CIP,Air,12/28/2009,2/12/2010,21-Sep-10,21-Sep-10,21-Sep-10,ARV,Adult,MERCK SHARP & DOHME IDEA GMBH (FORMALLY MERCK SHARP & DOHME B.V.),"Indinavir 400mg [Crixivan], capsules, 180 Caps",Indinavir,Crixivan,400mg,Capsule,180,1000,50000.0,50.0,0.28,"MSD, Haarlem, NL",Yes,254,881.33,107.8
1942,133-NG-T01,Pre-PQ Process,SCMS-27070,ASN-2352,Nigeria,PMO - US,Direct Drop,EXW,Air,Pre-PQ Process,8/21/2008,12-Sep-08,12-Sep-08,12-Sep-08,HRDT,HIV test,"Orgenics, Ltd","HIV 1/2, Determine HIV Kit, without Lancets, 100 Tests","HIV 1/2, Determine HIV Kit, without Lancets",Determine,,Test kit,100,6875,549931.25,79.99,0.8,Inverness Japan,Yes,1566,19992.75,879.89
86746,107-RW-T30,FPQ-14811,SO-49941,DN-4011,Rwanda,PMO - US,From RDC,N/A - From RDC,Truck,10/15/2014,N/A - From RDC,14-Jan-15,13-Nov-14,14-Nov-14,ARV,Pediatric,SCMS from RDC,"Lamivudine/Zidovudine 30/60mg, dispersible tablets, 60 Tabs",Lamivudine/Zidovudine,Generic,30/60mg,Chewable/dispersible tablet - FDC,60,459,913.41,1.99,0.03,"Cipla, Goa, India",No,See DN-4011 (ID#:84426),See DN-4011 (ID#:84426),0.94
5647,114-UG-T01,Pre-PQ Process,SCMS-18750,ASN-1618,Uganda,PMO - US,Direct Drop,EXW,Air,Pre-PQ Process,3/11/2008,22-May-08,22-May-08,22-May-08,HRDT,HIV test - Ancillary,"Orgenics, Ltd","HIV, Lancet, Safety, for HIV Test kits, 100 Pcs","HIV, Lancet, Safety, for HIV Test kits, 100 Pcs",Generic,,Test kit - Ancillary,100,850,8.5,0.01,0.0,Inverness Japan,Yes,56,360,0.01
27936,116-ZA-T30,FPQ-14942,SCMS-259075,ASN-32121,South Africa,PMO - US,Direct Drop,DDP,Truck,9/11/2014,5/11/2015,12-May-15,12-May-15,12-May-15,ARV,Adult,PHARMACY DIRECT,"Raltegravir 400mg [Isentress], tablets, 60 Tabs",Raltegravir,Isentress,400mg,Tablet,60,1,61.16,61.16,1.02,"MSD, Haarlem, NL",Yes,Weight Captured Separately,Freight Included in Commodity Cost,0.06
27300,107-RW-T30,FPQ-6341,SCMS-84991,ASN-10790,Rwanda,PMO - US,Direct Drop,EXW,Air,9/3/2010,9/28/2010,17-Jun-11,17-Jun-11,17-Jun-11,ARV,Adult,HETERO LABS LIMITED,"Efavirenz 600mg, tablets, 30 Tabs",Efavirenz,Generic,600mg,Tablet,30,43657,180303.41,4.13,0.14,Hetero Unit III Hyderabad IN,Yes,3720,35499.58,388.73
35700,161-ZA-T30,FPQ-5303,SCMS-68711,ASN-7430,South Africa,PMO - US,Direct Drop,DDP,Air,3/18/2010,3/19/2010,19-Jul-10,19-Jul-10,19-Jul-10,ARV,Adult,CIPLA LIMITED,"Tenofovir Disoproxil Fumarate 300mg, tablets, 30 Tabs",Tenofovir Disoproxil Fumarate,Generic,300mg,Tablet,30,1110,8680.2,7.82,0.26,"Cipla, Goa, India",Yes,76,916.22,18.71
17660,116-ZA-T30,FPQ-14942,SCMS-259078,ASN-33470,South Africa,PMO - US,Direct Drop,DDP,Truck,9/11/2014,10/9/2014,24-Jul-15,24-Jul-15,24-Jul-15,ARV,Adult,PHARMACY DIRECT,"Emtricitabine/Tenofovir Disoproxil Fumarate 200/300mg, tablets, 30 Tabs",Emtricitabine/Tenofovir Disoproxil Fumarate,Generic,200/300mg,Tablet - FDC,30,12,281.25,23.44,0.78,"Aurobindo Unit III, India",Yes,Weight Captured Separately,Freight Included in Commodity Cost,0.29
668,102-GY-T01,Pre-PQ Process,SCMS-27670,ASN-2255,Guyana,PMO - US,Direct Drop,CIP,Air,Pre-PQ Process,7/25/2008,15-Aug-08,15-Aug-08,15-Aug-08,MRDT,Malaria,ZEPHYR BIOMEDICALS,"Malaria Paramax-3 Kit, 25 Tests",Malaria Paramax-3 Kit,Paramax,,Test kit,25,98,3675.0,37.5,1.5,Not Applicable,Yes,34,180,5.88
85820,101-CD-T30,FPQ-8840,SO-41143,DN-2507,"Congo, DRC",PMO - US,From RDC,N/A - From RDC,Air,11/21/2011,N/A - From RDC,16-Mar-12,11-Apr-12,11-Apr-12,ARV,Adult,SCMS from RDC,"Lamivudine/Tenofovir Disoproxil Fumarate 300/300mg, tablets, 30 Tabs",Lamivudine/Tenofovir Disoproxil Fumarate,Generic,300/300mg,Tablet - FDC,30,15,91.2,6.08,0.2,Mylan (formerly Matrix) Nashik,No,See DN-2507 (ID#:82440),See DN-2507 (ID#:82440),0.13
83964,106-HT-T30,FPQ-4469,SO-34240,DN-1530,Haiti,PMO - US,From RDC,N/A - From RDC,Air,9/23/2009,N/A - From RDC,30-Nov-09,30-Nov-09,30-Nov-09,ARV,Adult,SCMS from RDC,"Stavudine 20mg, capsules, 60 Caps",Stavudine,Generic,20mg,Capsule,60,108,180.36,1.67,0.03,"Aurobindo Unit III, India",Yes,1857,11091.78,0.39
25642,102-GY-T30,FPQ-5495,SCMS-71630,ASN-8224,Guyana,PMO - US,Direct Drop,EXW,Air,4/15/2010,6/21/2010,27-Oct-10,27-Oct-10,27-Oct-10,HRDT,HIV test,"Orgenics, Ltd","HIV 1/2, Determine Complete HIV Kit, 100 Tests","HIV 1/2, Determine Complete HIV Kit",Determine,,Test kit,100,336,30240.0,90.0,0.9,Inverness Japan,Yes,154,4268.93,65.2
83239,151-NG-T30,FPQ-13293,SO-47282,DN-3662,Nigeria,PMO - US,From RDC,N/A - From RDC,Air Charter,11/19/2013,N/A - From RDC,6-May-14,17-Apr-14,2-May-14,ARV,Pediatric,SCMS from RDC,"Lamivudine/Nevirapine/Zidovudine 30/50/60mg, dispersible tablets, 60 Tabs",Lamivudine/Nevirapine/Zidovudine,Generic,30/50/60mg,Chewable/dispersible tablet - FDC,60,70000,272300.0,3.89,0.06,"Strides, Bangalore, India.",Yes,3376,29674.91,279.92
32313,107-RW-T30,FPQ-6185,SCMS-84400,ASN-10663,Rwanda,PMO - US,Direct Drop,CIP,Air,9/3/2010,9/27/2010,25-Apr-11,25-Apr-11,25-Apr-11,ARV,Adult,Aurobindo Pharma Limited,"Didanosine 400mg, delayed-release capsules, 30 Caps",Didanosine,Generic,400mg,Delayed-release capsules,30,595,12048.75,20.25,0.68,"Aurobindo Unit III, India",Yes,87,255,25.98
11340,151-NG-T01,Pre-PQ Process,SO-32641,DN-1343,Nigeria,PMO - US,From RDC,N/A - From RDC,Air Charter,Date Not Captured,N/A - From RDC,4-Aug-09,4-Aug-09,4-Aug-09,ARV,Adult,SCMS from RDC,"Lamivudine/Nevirapine/Zidovudine 150/200/300mg, tablets, 60 Tabs",Lamivudine/Nevirapine/Zidovudine,Generic,150/300/200mg,Tablet - FDC,60,26550,302670.0,11.4,0.19,"Aurobindo Unit III, India",Yes,2991,7445.8,593.23
55716,116-ZA-T30,FPQ-14942,SCMS-259074,ASN-31070,South Africa,PMO - US,Direct Drop,DDP,Truck,9/11/2014,3/9/2015,9-Mar-15,9-Mar-15,9-Mar-15,ARV,Adult,PHARMACY DIRECT,"Didanosine 400mg, delayed-release capsules, 30 Caps",Didanosine,Generic,400mg,Delayed-release capsules,30,6,85.31,14.22,0.47,"Aurobindo Unit III, India",No,Weight Captured Separately,Freight Included in Commodity Cost,0.09
42138,108-VN-T30,FPQ-10287,SCMS-156281,ASN-17806,Vietnam,PMO - US,Direct Drop,EXW,Air,7/25/2012,8/14/2012,2-Feb-13,2-Feb-13,2-Feb-13,ARV,Pediatric,MYLAN LABORATORIES LTD (FORMERLY MATRIX LABORATORIES),"Lamivudine/Nevirapine/Zidovudine 30/50/60mg, dispersible tablets, 60 Tabs",Lamivudine/Nevirapine/Zidovudine,Generic,30/50/60mg,Chewable/dispersible tablet - FDC,60,12492,51841.8,4.15,0.07,Mylan (formerly Matrix) Nashik,No,See ASN-17806 (ID#:37475),See ASN-17806 (ID#:37475),72.68
27842,114-UG-T30,FPQ-13816,SCMS-231310,ASN-25464,Uganda,PMO - US,Direct Drop,EXW,Air,2/27/2014,3/20/2014,13-May-14,13-May-14,13-May-14,HRDT,HIV test,"Trinity Biotech, Plc","HIV 1/2, Uni-Gold HIV Kit, 20 Tests","HIV 1/2, Uni-Gold HIV Kit",Uni-Gold,,Test kit,20,2481,79392.0,32.0,1.6,"Trinity Biotech, Plc",Yes,780,5024.15,81.61
10862,111-MZ-T01,Pre-PQ Process,SO-298,DN-304,Mozambique,PMO - US,From RDC,N/A - From RDC,Air,Pre-PQ Process,N/A - From RDC,21-Sep-07,21-Sep-07,21-Sep-07,ARV,Adult,SCMS from RDC,"Lamivudine/Nevirapine/Zidovudine 150/200/300mg, tablets, 60 Tabs",Lamivudine/Nevirapine/Zidovudine,Generic,150/300/200mg,Tablet - FDC,60,17191,300842.5,17.5,0.29,"Cipla, Goa, India",No,See DN-304 (ID#:10589),See DN-304 (ID#:10589),481.35
11680,114-UG-T01,Pre-PQ Process,SO-32150,DN-1418,Uganda,PMO - US,From RDC,N/A - From RDC,Air,Date Not Captured,N/A - From RDC,11-Sep-09,11-Sep-09,11-Sep-09,ARV,Adult,SCMS from RDC,"Lamivudine/Zidovudine 150/300mg, tablets, 60 Tabs",Lamivudine/Zidovudine,Generic,150/300mg,Tablet - FDC,60,13000,113880.0,8.76,0.15,Mylan (formerly Matrix) Nashik,Yes,1051,6575.7,223.2
10788,110-ZM-T01,Pre-PQ Process,SO-32550,DN-1382,Zambia,PMO - US,From RDC,N/A - From RDC,Truck,Date Not Captured,N/A - From RDC,17-Aug-09,17-Aug-09,17-Aug-09,ARV,Adult,SCMS from RDC,"Lamivudine/Zidovudine 150/300mg, tablets, 60 Tabs",Lamivudine/Zidovudine,Generic,150/300mg,Tablet - FDC,60,108000,946080.0,8.76,0.15,"Aurobindo Unit III, India",Yes,10865,13518.56,1854.32
85347,104-CI-T30,FPQ-10633,SO-43330,DN-3075,Côte d'Ivoire,PMO - US,From RDC,N/A - From RDC,Truck,9/11/2012,N/A - From RDC,28-Mar-13,30-Mar-13,30-Mar-13,ARV,Adult,SCMS from RDC,"Lamivudine/Nevirapine/Zidovudine 150/200/300mg, tablets, 60 Tabs",Lamivudine/Nevirapine/Zidovudine,Generic,150/300/200mg,Tablet - FDC,60,50000,429000.0,8.58,0.14,"Strides, Bangalore, India.",No,See DN-3075 (ID#:83129),See DN-3075 (ID#:83129),601.46
80688,104-CI-T30,FPQ-13155,SCMS-217000,ASN-23738,Côte d'Ivoire,PMO - US,Direct Drop,EXW,Air,10/22/2013,12/3/2013,17-Jan-14,17-Jan-14,28-Feb-14,ARV,Pediatric,Aurobindo Pharma Limited,"Zidovudine 100mg, capsules, 100 Caps",Zidovudine,Generic,100mg,Capsule,100,650,2925.0,4.5,0.04,"Aurobindo Unit III, India",Yes,72,1766.56,3.01
86161,104-CI-T30,FPQ-13628,SO-47910,DN-4092,Côte d'Ivoire,PMO - US,From RDC,N/A - From RDC,Truck,1/29/2014,N/A - From RDC,25-Feb-15,12-Mar-15,13-Mar-15,ARV,Adult,SCMS from RDC,"Lopinavir/Ritonavir 200/50mg, tablets, 120 Tabs",Lopinavir/Ritonavir,Generic,200/50mg,Tablet,120,11728,227054.08,19.36,0.16,"Aurobindo Unit III, India",Yes,2932,8936.06,233.41
11609,117-ET-T01,Pre-PQ Process,SO-22020,DN-1052,Ethiopia,PMO - US,From RDC,N/A - From RDC,Air,Pre-PQ Process,N/A - From RDC,3-Mar-09,3-Mar-09,3-Mar-09,ARV,Adult,SCMS from RDC,"Lamivudine/Stavudine 150/30mg, tablets, 30 Tabs",Lamivudine/Stavudine,Generic,150/30mg,Tablet - FDC,30,14814,29628.0,2.0,0.07,"Cipla, Goa, India",No,See DN-1052 (ID#:10737),See DN-1052 (ID#:10737),58.07
45801,102-KE-T30,FPQ-9127,SCMS-134430,ASN-13564,Kenya,PMO - US,Direct Drop,CIP,Air,1/13/2012,1/19/2012,8-Feb-12,8-Feb-12,8-Feb-12,HRDT,HIV test,BIOLYTICAL LABORATORIES INC.,"HIV 1/2, INSTI HIV 1/2 Antibody Kit, 48 Tests","HIV 1/2, INSTI HIV 1/2 Antibody Kit",INSTi,,Test kit,48,32,2657.28,83.04,1.73,bioLytical Laboratories,Yes,58,836.14,3.73
82927,104-CI-T30,FPQ-5623,SO-36870,DN-2060,Côte d'Ivoire,PMO - US,From RDC,N/A - From RDC,Air,5/7/2010,N/A - From RDC,30-Nov-10,22-Dec-10,22-Dec-10,ARV,Adult,SCMS from RDC,"Nevirapine 200mg, tablets, 60 Tabs",Nevirapine,Generic,200mg,Tablet,60,233,619.78,2.66,0.04,"Strides, Bangalore, India.",Yes,1161,7826.75,1.34
21399,116-ZA-T30,FPQ-14942,SCMS-259072,ASN-30377,South Africa,PMO - US,Direct Drop,DDP,Truck,9/11/2014,1/26/2015,26-Jan-15,26-Jan-15,26-Jan-15,ARV,Adult,PHARMACY DIRECT,"Lamivudine 150mg, tablets, 60 Tabs",Lamivudine,Generic,150mg,Tablet,60,191,1261.81,6.61,0.11,"Aurobindo Unit III, India",No,Weight Captured Separately,Freight Included in Commodity Cost,1.3
82326,104-CI-T30,FPQ-4659,SO-35580,DN-1867,Côte d'Ivoire,PMO - US,From RDC,N/A - From RDC,Air,12/8/2009,N/A - From RDC,28-Jun-10,21-Jun-10,21-Jun-10,ARV,Adult,SCMS from RDC,"Lamivudine/Nevirapine/Zidovudine 150/200/300mg, tablets, 60 Tabs",Lamivudine/Nevirapine/Zidovudine,Generic,150/300/200mg,Tablet - FDC,60,62410,700240.2,11.22,0.19,"Aurobindo Unit III, India",Yes,7701,27912.64,1509.72
11337,119-NA-T01,Pre-PQ Process,SO-30450,DN-1316,Namibia,PMO - US,From RDC,N/A - From RDC,Truck,Date Not Captured,N/A - From RDC,16-Jul-09,16-Jul-09,16-Jul-09,ARV,Adult,SCMS from RDC,"Lamivudine/Tenofovir Disoproxil Fumarate 300/300mg, tablets, 30 Tabs",Lamivudine/Tenofovir Disoproxil Fumarate,Generic,300/300mg,Tablet - FDC,30,25000,250000.0,10.0,0.33,Mylan (formerly Matrix) Nashik,Yes,2068,8502.12,490.0
37475,108-VN-T30,FPQ-10287,SCMS-156281,ASN-17806,Vietnam,PMO - US,Direct Drop,EXW,Air,7/25/2012,8/14/2012,2-Feb-13,2-Feb-13,2-Feb-13,ARV,Pediatric,MYLAN LABORATORIES LTD (FORMERLY MATRIX LABORATORIES),"Lamivudine/Zidovudine 30/60mg, tablets, 60 Tabs",Lamivudine/Zidovudine,Generic,30/60mg,Tablet - FDC,60,3434,7726.5,2.25,0.04,Mylan (formerly Matrix) Nashik,Yes,876,2183.92,10.83
84264,111-MZ-T30,FPQ-10211,SO-42861,DN-3180,Mozambique,PMO - US,From RDC,N/A - From RDC,Truck,6/28/2012,N/A - From RDC,28-Jun-13,10-Jul-13,10-Jul-13,ARV,Adult,SCMS from RDC,"Efavirenz/Lamivudine/Tenofovir Disoproxil Fumarate 600/300/300mg, tablets, 30 Tabs",Efavirenz/Lamivudine/Tenofovir Disoproxil Fumarate,Generic,600/300/300mg,Tablet - FDC,30,66956,704377.12,10.52,0.35,Mylan (formerly Matrix) Nashik,Yes,5810,13649.6,987.54
29155,106-HT-T30,FPQ-15038,SCMS-263100,ASN-31590,Haiti,PMO - US,Direct Drop,EXW,Air,10/22/2014,1/28/2015,13-May-15,13-May-15,15-May-15,ARV,Adult,JANSSEN SCIENCES IRELAND UC (FORMERLY JANSSEN R&D IRELAND),"Darunavir 600mg [Prezista], tablets, 60 Tabs",Darunavir,Prezista,600mg,Tablet,60,600,32400.0,54.0,0.9,"Janssen-Cilag, Latina, IT",Yes,120,1140.71,33.31
64208,108-VN-T30,FPQ-16194,SCMS-285500,ASN-33269,Vietnam,PMO - US,Direct Drop,EXW,Air,4/14/2015,5/13/2015,3-Sep-15,3-Sep-15,3-Sep-15,ARV,Adult,HETERO LABS LIMITED,"Efavirenz/Lamivudine/Tenofovir Disoproxil Fumarate 600/300/300mg, tablets, 30 Tabs",Efavirenz/Lamivudine/Tenofovir Disoproxil Fumarate,Generic,600/300/300mg,Tablet - FDC,30,13736,130492.0,9.5,0.32,Hetero Unit III Hyderabad IN,No,See ASN-33269 (ID#:25323),See ASN-33269 (ID#:25323),153.59
11953,110-ZM-T01,Pre-PQ Process,SO-1897,DN-927,Zambia,PMO - US,From RDC,N/A - From RDC,,Pre-PQ Process,N/A - From RDC,6-Oct-08,6-Oct-08,6-Oct-08,ARV,Adult,SCMS from RDC,"Efavirenz 600mg, tablets, 30 Tabs",Efavirenz,Generic,600mg,Tablet,30,20880,250768.8,12.01,0.4,Mylan (formerly Matrix) Nashik,Yes,1603,8539.26,401.23
11354,151-NG-T01,Pre-PQ Process,SO-27822,DN-1441,Nigeria,PMO - US,From RDC,N/A - From RDC,Air Charter,Date Not Captured,N/A - From RDC,20-Oct-09,20-Oct-09,20-Oct-09,ARV,Adult,SCMS from RDC,"Emtricitabine/Tenofovir Disoproxil Fumarate 200/300mg, tablets, 30 Tabs",Emtricitabine/Tenofovir Disoproxil Fumarate,Generic,200/300mg,Tablet - FDC,30,25000,293750.0,11.75,0.39,Mylan (formerly Matrix) Nashik,Yes,2023,9341.49,575.75
67263,109-TZ-T30,FPQ-7909,SCMS-114990,ASN-12162,Tanzania,PMO - US,Direct Drop,EXW,Air,6/24/2011,7/18/2011,29-Sep-11,5-Oct-11,5-Oct-11,HRDT,HIV test,"Standard Diagnostics, Inc.","HIV 1/2, Bioline 3.0 Kit, Lancets, Capillary pipets, Alcohol swabs included, 25 Tests","HIV 1/2, Bioline 3.0 Kit, Lancets, Capillary pipets, Alcohol swabs included",Bioline,,Test kit,25,10000,200000.0,20.0,0.8,"Standard Diagnostics, Korea",Yes,3334,22523.12,330.0
12868,104-CI-T01,Pre-PQ Process,SO-19340,DN-1122,Côte d'Ivoire,PMO - US,From RDC,N/A - From RDC,Air,Pre-PQ Process,N/A - From RDC,29-Apr-09,29-Apr-09,29-Apr-09,ARV,Adult,SCMS from RDC,"Lamivudine/Zidovudine 150/300mg, tablets, 60 Tabs",Lamivudine/Zidovudine,Generic,150/300mg,Tablet - FDC,60,28624,267634.4,9.35,0.16,"Aurobindo Unit III, India",Yes,2583,7608.7,524.56
84572,104-CI-T30,FPQ-5201,SO-36350,DN-1878,Côte d'Ivoire,PMO - US,From RDC,N/A - From RDC,Air,3/3/2010,N/A - From RDC,9-Jul-10,5-Jul-10,5-Jul-10,ARV,Adult,SCMS from RDC,"Lamivudine 150mg, tablets, 60 Tabs",Lamivudine,Generic,150mg,Tablet,60,10980,26791.2,2.44,0.04,"Aurobindo Unit III, India",Yes,698,5121.68,57.76
83289,110-ZM-T30,FPQ-14162,SO-48690,DN-4018,Zambia,PMO - US,From RDC,N/A - From RDC,Truck,4/24/2014,N/A - From RDC,30-Jan-15,1-Feb-15,20-Feb-15,ARV,Adult,SCMS from RDC,"Zidovudine 300mg, tablets, 60 Tabs",Zidovudine,Generic,300mg,Tablet,60,5281,29045.5,5.5,0.09,"Aurobindo Unit III, India",Yes,312,401.82,29.86
51467,116-ZA-T30,FPQ-12522,SCMS-199289,ASN-28034,South Africa,PMO - US,Direct Drop,DDP,Truck,7/11/2013,8/29/2014,29-Aug-14,29-Aug-14,29-Aug-14,ARV,Adult,S. BUYS WHOLESALER,"Zidovudine 300mg, tablets, 60 Tabs",Zidovudine,Generic,300mg,Tablet,60,18,488.0,27.11,0.45,Mylan (formerly Matrix) Nashik,No,Weight Captured Separately,Freight Included in Commodity Cost,0.6
16044,104-CI-T30,FPQ-8210,SCMS-124140,ASN-13540,Côte d'Ivoire,PMO - US,Direct Drop,EXW,Air,8/11/2011,10/5/2011,6-Feb-12,6-Feb-12,6-Feb-12,HRDT,HIV test,"CHEMBIO DIAGNOSTIC SYSTEMS, INC.","HIV 1/2, Stat-Pak HIV, Kit, 20 Tests","HIV 1/2, Stat-Pak HIV, Kit",Stat-Pak,,Test kit,20,1129,32741.0,29.0,1.45,Chembio Diagnostics Sys. Inc.,Yes,328,4420.31,54.02
11066,104-CI-T01,Pre-PQ Process,SO-32210,DN-1401,Côte d'Ivoire,PMO - US,From RDC,N/A - From RDC,Air,Date Not Captured,N/A - From RDC,8-Sep-09,8-Sep-09,8-Sep-09,ARV,Adult,SCMS from RDC,"Stavudine 20mg, capsules, 60 Caps",Stavudine,Generic,20mg,Capsule,60,2052,3591.0,1.75,0.03,"Aurobindo Unit III, India",No,See DN-1401 (ID#:10793),See DN-1401 (ID#:10793),7.04
82688,103-ZW-T30,FPQ-13990,SO-48471,DN-3890,Zimbabwe,PMO - US,From RDC,N/A - From RDC,Truck,4/1/2014,N/A - From RDC,30-Aug-14,15-Sep-14,17-Oct-14,ARV,Pediatric,SCMS from RDC,"Abacavir/Lamivudine 60/30mg, tablets, 60 Tabs",Abacavir/Lamivudine,Generic,60/30mg,Tablet - FDC,60,23000,90850.0,3.95,0.07,Mylan (formerly Matrix) Nashik,Yes,952,1521.08,93.39
24053,109-TZ-T30,FPQ-10809,SCMS-162831,ASN-18313,Tanzania,PMO - US,Direct Drop,EXW,Air,10/11/2012,10/18/2012,23-Apr-13,23-Apr-13,23-Apr-13,HRDT,HIV test,"Trinity Biotech, Plc","HIV 1/2, Uni-Gold HIV Kit, 20 Tests","HIV 1/2, Uni-Gold HIV Kit",Uni-Gold,,Test kit,20,107,3424.0,32.0,1.6,"Trinity Biotech, Plc",Yes,39,1158.73,4.24
65555,109-TZ-T30,FPQ-12197,SCMS-189360,ASN-21233,Tanzania,PMO - US,Direct Drop,EXW,Air,4/30/2013,5/29/2013,17-Sep-13,16-Sep-13,16-Sep-13,HRDT,HIV test,"Standard Diagnostics, Inc.","HIV 1/2, Determine Complete HIV Kit, 100 Tests","HIV 1/2, Determine Complete HIV Kit",Determine,,Test kit,100,3015,0.0,0.0,0.0,"Alere Medical Co., Ltd.",Yes,1249,20906.77,0.0
62046,104-CI-T30,FPQ-12806,SCMS-207150,ASN-23970,Côte d'Ivoire,PMO - US,Direct Drop,FCA,Air,8/9/2013,9/17/2013,7-Feb-14,7-Feb-14,10-Feb-14,ARV,Pediatric,ABBVIE LOGISTICS (FORMERLY ABBOTT LOGISTICS BV),"Lopinavir/Ritonavir 80/20mg/ml [Kaletra], oral solution, cool, Bottle 5 x 60 ml",Lopinavir/Ritonavir,Kaletra,80/20mg/ml,Oral solution,300,540,16642.8,30.82,0.1,ABBVIE (Abbott) Logis. UK,Yes,519,5385.37,20.59
63576,101-CD-T30,FPQ-14100,SCMS-239410,ASN-26738,"Congo, DRC",PMO - US,Direct Drop,EXW,Air,4/23/2014,5/20/2014,5-Sep-14,5-Sep-14,16-Sep-14,HRDT,HIV test,"Trinity Biotech, Plc","HIV 1/2, Uni-Gold HIV Kit, 20 Tests","HIV 1/2, Uni-Gold HIV Kit",Uni-Gold,,Test kit,20,90,2880.0,32.0,1.6,"Trinity Biotech, Plc",No,See ASN-26738 (ID#:15115),See ASN-26738 (ID#:15115),2.96
32743,108-VN-T30,FPQ-13976,SCMS-235620,ASN-28217,Vietnam,PMO - US,Direct Drop,FCA,Air,4/8/2014,4/30/2014,22-Oct-14,22-Oct-14,22-Oct-14,ARV,Adult,ABBVIE LOGISTICS (FORMERLY ABBOTT LOGISTICS BV),"Lopinavir/Ritonavir 200/50mg [Aluvia], tablets, 120 Tabs",Lopinavir/Ritonavir,Aluvia,200/50mg,Tablet,120,2000,121640.0,60.82,0.51,ABBVIE Ludwigshafen Germany,Yes,499,1467.82,125.05
56864,106-HT-T30,FPQ-12590,SCMS-210511,ASN-24884,Haiti,PMO - US,Direct Drop,CIP,Air,8/21/2013,2/5/2014,28-Mar-14,28-Mar-14,28-Mar-14,ARV,Adult,HETERO LABS LIMITED,"Lamivudine/Stavudine 150/30mg, tablets, 60 Tabs",Lamivudine/Stavudine,Generic,150/30mg,Tablet - FDC,60,288,717.12,2.49,0.04,Hetero Unit III Hyderabad IN,Yes,Weight Captured Separately,Freight Included in Commodity Cost,0.89
50383,109-TZ-T30,FPQ-7992,SCMS-117230,ASN-13952,Tanzania,PMO - US,Direct Drop,FCA,Air,7/8/2011,8/4/2011,29-Mar-12,29-Mar-12,29-Mar-12,ARV,Pediatric,LAWRENCE LABORATORIES (SUBSIDIARY OF BRISTOL MYERS SQUIBB),"Didanosine 25mg [Videx], chewable tablets, 60 Tabs",Didanosine,Videx,25mg,Chewable/dispersible tablet,60,3000,21000.0,7.0,0.12,Bristol-Myers Squibb Anagni IT,No,See ASN-13952 (ID#:16173),See ASN-13952 (ID#:16173),34.65
82619,105-GY-T30,FPQ-12619,SO-46090,DN-3425,Guyana,PMO - US,From RDC,N/A - From RDC,Air,7/16/2013,N/A - From RDC,31-Dec-13,2-Dec-13,20-Dec-13,ARV,Pediatric,SCMS from RDC,"Nevirapine 10mg/ml, oral suspension w/syringe, Bottle, 240 ml",Nevirapine,Generic,10mg/ml,Oral suspension,240,394,732.84,1.86,0.01,"Aurobindo Unit III, India",No,See DN-3425 (ID#:82618),See DN-3425 (ID#:82618),0.91
11026,104-CI-T01,Pre-PQ Process,SO-21851,DN-1128,Côte d'Ivoire,PMO - US,From RDC,N/A - From RDC,Air,Pre-PQ Process,N/A - From RDC,28-Apr-09,28-Apr-09,28-Apr-09,ARV,Adult,SCMS from RDC,"Lopinavir/Ritonavir 200/50mg [Aluvia], tablets, 120 Tabs",Lopinavir/Ritonavir,Aluvia,200/50mg,Tablet,120,12480,512928.0,41.1,0.34,ABBVIE Ludwigshafen Germany,Yes,2803,8669.38,1005.34
45729,161-ZA-T30,FPQ-7175,SCMS-103380,ASN-12380,South Africa,PMO - US,Direct Drop,DDP,Ocean,3/10/2011,3/24/2011,4-Jan-12,4-Jan-12,4-Jan-12,ARV,Adult,Aurobindo Pharma Limited,"Zidovudine 300mg, tablets, 60 Tabs",Zidovudine,Generic,300mg,Tablet,60,92887,678075.1,7.3,0.12,"Aurobindo Unit III, India",Yes,4810,6599.86,1118.82
82672,104-CI-T30,FPQ-12800,SO-46420,DN-3680,Côte d'Ivoire,PMO - US,From RDC,N/A - From RDC,Truck,8/9/2013,N/A - From RDC,15-May-14,12-May-14,30-Jun-14,ARV,Pediatric,SCMS from RDC,"Lamivudine/Nevirapine/Zidovudine 30/50/60mg, dispersible tablets, 60 Tabs",Lamivudine/Nevirapine/Zidovudine,Generic,30/50/60mg,Chewable/dispersible tablet - FDC,60,6799,25496.25,3.75,0.06,"Strides, Bangalore, India.",Yes,292,1672.7,31.54
22869,116-ZA-T30,FPQ-14942,SCMS-259078,ASN-33473,South Africa,PMO - US,Direct Drop,DDP,Truck,9/11/2014,10/9/2014,24-Jul-15,24-Jul-15,24-Jul-15,ARV,Adult,PHARMACY DIRECT,"Etravirine 100mg [Intelence], tablets, 120 Tabs",Etravirine,Intelence,100mg,Tablet,120,27,742.84,27.51,0.23,"Janssen-Cilag, Latina, IT",No,Weight Captured Separately,Freight Included in Commodity Cost,0.76
50754,161-ZA-T30,FPQ-7175,SCMS-104050,ASN-12190,South Africa,PMO - US,Direct Drop,DDP,Ocean,3/10/2011,3/28/2011,9-Dec-11,9-Dec-11,9-Dec-11,ARV,Adult,CIPLA LIMITED,"Tenofovir Disoproxil Fumarate 300mg, tablets, 30 Tabs",Tenofovir Disoproxil Fumarate,Generic,300mg,Tablet,30,112595,728489.65,6.47,0.22,"Cipla, Goa, India",Yes,7991,9972.68,1202.01
12006,113-ZW-T01,Pre-PQ Process,SO-21020,DN-1411,Zimbabwe,PMO - US,From RDC,N/A - From RDC,Truck,Date Not Captured,N/A - From RDC,22-Sep-09,22-Sep-09,22-Sep-09,ARV,Adult,SCMS from RDC,"Lamivudine/Nevirapine/Stavudine 150/200/30mg, tablets, 60 Tabs",Lamivudine/Nevirapine/Stavudine,Generic,150/200/30mg,Tablet - FDC,60,76000,541120.0,7.12,0.12,"Cipla, Goa, India",No,See DN-1411 (ID#:11352),See DN-1411 (ID#:11352),1060.6
11269,114-UG-T01,Pre-PQ Process,SO-2343,DN-816,Uganda,PMO - US,From RDC,N/A - From RDC,Air,Pre-PQ Process,N/A - From RDC,21-Aug-08,21-Aug-08,21-Aug-08,ARV,Adult,SCMS from RDC,"Lamivudine/Nevirapine/Stavudine 150/200/30mg, tablets, 60 Tabs",Lamivudine/Nevirapine/Stavudine,Generic,150/200/30mg,Tablet - FDC,60,2700,19980.0,7.4,0.12,"Strides, Bangalore, India.",Yes,199,1476.8,31.97
21378,114-UG-T30,FPQ-12777,SCMS-202560,ASN-22985,Uganda,PMO - US,Direct Drop,EXW,Air,8/5/2013,8/9/2013,10-Dec-13,12-Dec-13,13-Dec-13,ARV,Pediatric,Aurobindo Pharma Limited,"Nevirapine 10mg/ml, oral suspension w/syringe, Bottle, 100 ml",Nevirapine,Generic,10mg/ml,Oral suspension,100,10368,13478.4,1.3,0.01,"Aurobindo Unit III, India",Yes,Weight Captured Separately,Invoiced Separately,16.67
76227,105-SS-T30,FPQ-15569,SCMS-272160,ASN-31338,South Sudan,PMO - US,Direct Drop,EXW,Air,12/29/2014,2/20/2015,3-Jun-15,3-Jun-15,5-Jun-15,HRDT,HIV test,"Orgenics, Ltd","HIV 1/2, Determine Complete HIV Kit, 100 Tests","HIV 1/2, Determine Complete HIV Kit",Determine,,Test kit,100,200,17800.0,89.0,0.89,"Alere Medical Co., Ltd.",No,See ASN-31338 (ID#:38992),See ASN-31338 (ID#:38992),20.95
67541,151-NG-T30,FPQ-4574,SCMS-59990,ASN-6680,Nigeria,PMO - US,Direct Drop,FCA,Air,11/19/2009,12/22/2009,21-May-10,21-May-10,21-May-10,ARV,Adult,Hoffmann-La Roche ltd Basel,"Saquinavir 500mg [Invirase], tablets, 120 Tabs",Saquinavir,Invirase,500mg,Tablet,120,2106,207249.44,98.41,0.82,Roche Basel,Yes,Weight Captured Separately,Invoiced Separately,446.83
61754,110-ZM-T30,FPQ-8194,SCMS-118550,ASN-12428,Zambia,PMO - US,Direct Drop,EXW,Air,8/9/2011,8/18/2011,26-Oct-11,26-Oct-11,26-Oct-11,HRDT,HIV test,"Orgenics, Ltd","HIV 1/2, Determine Complete HIV Kit, 100 Tests","HIV 1/2, Determine Complete HIV Kit",Determine,,Test kit,100,3200,256000.0,80.0,0.8,"Alere Medical Co., Ltd.",Yes,1526,27952.72,422.4
38507,116-ZA-T30,FPQ-11828,SCMS-183950,ASN-19166,South Africa,South Africa Field Office,Direct Drop,DDP,Truck,3/18/2013,Date Not Captured,16-Apr-13,16-Apr-13,16-Apr-13,ARV,Adult,S. BUYS WHOLESALER,"Zidovudine 300mg [Retrovir], tablets, 60 Tabs",Zidovudine,Retrovir,300mg,Tablet,60,13,242.73,18.67,0.31,GSK Aranda,No,Weight Captured Separately,Freight Included in Commodity Cost,0.3
176,102-NG-T01,Pre-PQ Process,SCMS-11750,ASN-745,Nigeria,PMO - US,Direct Drop,EXW,Air,Pre-PQ Process,8/28/2007,3-Oct-07,3-Oct-07,3-Oct-07,HRDT,HIV test,"CHEMBIO DIAGNOSTIC SYSTEMS, INC.","HIV 1/2, Stat-Pak HIV, Kit, 20 Tests","HIV 1/2, Stat-Pak HIV, Kit",Stat-Pak,,Test kit,20,10000,270000.0,27.0,1.35,Chembio Diagnostics Sys. Inc.,Yes,3263,20885.78,432.0
7837,108-VN-T01,Pre-PQ Process,SCMS-45080,ASN-4420,Vietnam,PMO - US,Direct Drop,EXW,Air,Pre-PQ Process,4/29/2009,10-Jul-09,10-Jul-09,10-Jul-09,ARV,Adult,Aurobindo Pharma Limited,"Lamivudine 150mg, tablets, 60 Tabs",Lamivudine,Generic,150mg,Tablet,60,18000,43200.0,2.4,0.04,"Aurobindo Unit III, India",No,See ASN-4420 (ID#:1183),See ASN-4420 (ID#:1183),84.67
82889,106-HT-T30,FPQ-5523,SO-36740,DN-1847,Haiti,PMO - US,From RDC,N/A - From RDC,Air,4/19/2010,N/A - From RDC,30-Jun-10,9-Jun-10,9-Jun-10,ARV,Pediatric,SCMS from RDC,"Abacavir 20mg/ml, oral solution, Bottle, 240 ml",Abacavir,Generic,20mg/ml,Oral solution,240,480,6528.0,13.6,0.06,"Aurobindo Unit III, India",Yes,390,6438.38,14.07
35053,108-VN-T30,FPQ-9001,SCMS-131650,ASN-14875,Vietnam,PMO - US,Direct Drop,EXW,Air,12/15/2011,1/18/2012,5-Jun-12,5-Jun-12,5-Jun-12,ARV,Pediatric,Aurobindo Pharma Limited,"Abacavir 20mg/ml, oral solution w/syringe, Bottle, 240 ml",Abacavir,Generic,20mg/ml,Oral solution,240,200,2500.0,12.5,0.05,"Aurobindo Unit III, India",Yes,546,1340.23,3.5
83526,113-ZW-T30,FPQ-7052,SO-38511,DN-2324,Zimbabwe,PMO - US,From RDC,N/A - From RDC,Truck,1/19/2011,N/A - From RDC,30-Sep-11,19-Sep-11,19-Sep-11,ARV,Adult,SCMS from RDC,"Nevirapine 200mg, tablets, 60 Tabs",Nevirapine,Generic,200mg,Tablet,60,9073,22228.85,2.45,0.04,"Aurobindo Unit VII, IN",Yes,1406,5479.15,36.68
11993,114-UG-T01,Pre-PQ Process,SO-30080,DN-1322,Uganda,PMO - US,From RDC,N/A - From RDC,Air,Date Not Captured,N/A - From RDC,17-Jul-09,17-Jul-09,17-Jul-09,ARV,Adult,SCMS from RDC,"Lamivudine/Nevirapine/Stavudine 150/200/30mg, tablets, 60 Tabs",Lamivudine/Nevirapine/Stavudine,Generic,150/200/30mg,Tablet - FDC,60,4340,30900.8,7.12,0.12,"Strides, Bangalore, India.",Yes,322,3017.15,60.57
19263,109-TZ-T30,FPQ-8071,SCMS-116850,ASN-12886,Tanzania,PMO - US,Direct Drop,EXW,Air,7/22/2011,8/1/2011,30-Jan-12,30-Jan-12,30-Jan-12,HRDT,HIV test,"Orgenics, Ltd","HIV 1/2, Determine Complete HIV Kit, 100 Tests","HIV 1/2, Determine Complete HIV Kit",Determine,,Test kit,100,1500,120000.0,80.0,0.8,Inverness Japan,Yes,714,13836.99,198.0
10907,110-ZM-T01,Pre-PQ Process,SO-1028,DN-461,Zambia,PMO - US,From RDC,N/A - From RDC,,Pre-PQ Process,N/A - From RDC,25-Jan-08,25-Jan-08,25-Jan-08,ARV,Adult,SCMS from RDC,"Efavirenz 600mg, tablets, 30 Tabs",Efavirenz,Generic,600mg,Tablet,30,44135,548156.7,12.42,0.41,"Aurobindo Unit III, India",Yes,3801,13715.55,877.05
1285,102-GY-T01,Pre-PQ Process,SCMS-177,ASN-136,Guyana,PMO - US,Direct Drop,EXW,Air,Pre-PQ Process,Date Not Captured,29-Dec-06,29-Dec-06,29-Dec-06,HRDT,HIV test,"Trinity Biotech, Plc","HIV 1/2, Uni-Gold HIV Kit, 20 Tests","HIV 1/2, Uni-Gold HIV Kit",Uni-Gold,,Test kit,20,900,36000.0,40.0,2.0,"Trinity Biotech, Plc",Yes,316,4989.87,
85689,151-NG-T30,FPQ-5023,SO-36421,DN-1931,Nigeria,PMO - US,From RDC,N/A - From RDC,Air,2/10/2010,N/A - From RDC,15-Jul-10,28-Jun-10,28-Jun-10,ARV,Adult,SCMS from RDC,"Efavirenz/Emtricitabine/Tenofovir Disoproxil Fumarate 600/200/300mg, tablets, 30 Tabs",Efavirenz/Emtricitabine/Tenofovir Disoproxil Fumarate,Generic,600/200/300mg,Tablet - FDC,30,35000,697200.0,19.92,0.66,Mylan (formerly Matrix) Nashik,Yes,3869,Freight Included in Commodity Cost,1503.16
37362,116-ZA-T30,FPQ-12522,SCMS-199289,ASN-28034,South Africa,PMO - US,Direct Drop,DDP,Truck,7/11/2013,8/29/2014,29-Aug-14,29-Aug-14,29-Aug-14,ARV,Adult,S. BUYS WHOLESALER,"Didanosine 250mg, delayed-release capsules, 30 Caps",Didanosine,Generic,250mg,Delayed-release capsules,30,8,134.55,16.82,0.56,"Aurobindo Unit III, India",No,Weight Captured Separately,Freight Included in Commodity Cost,0.17
23787,144-BW-T30,FPQ-4167,SCMS-54110,ASN-5951,Botswana,PMO - US,Direct Drop,EXW,Air,9/9/2009,9/30/2009,3-Mar-10,3-Mar-10,3-Mar-10,HRDT,HIV test,"Trinity Biotech, Plc","HIV 1/2, Uni-Gold HIV Kit, 20 Tests","HIV 1/2, Uni-Gold HIV Kit",Uni-Gold,,Test kit,20,5,160.0,32.0,1.6,"Trinity Biotech, Plc",Yes,3,603.53,0.31
57819,108-VN-T30,FPQ-13524,SCMS-226260,ASN-26927,Vietnam,PMO - US,Direct Drop,EXW,Air,2/6/2014,3/10/2014,13-Aug-14,13-Aug-14,25-Aug-14,ARV,Adult,HETERO LABS LIMITED,"Efavirenz 600mg, tablets, 30 Tabs",Efavirenz,Generic,600mg,Tablet,30,12700,44450.0,3.5,0.12,Hetero Unit III Hyderabad IN,No,See ASN-26927 (ID#:26612),See ASN-26927 (ID#:26612),45.69
60316,106-HT-T30,FPQ-13797,SCMS-233960,ASN-27423,Haiti,PMO - US,Direct Drop,EXW,Air,3/20/2014,5/1/2014,12-Sep-14,12-Sep-14,17-Sep-14,ARV,Pediatric,CIPLA LIMITED,"Zidovudine 10mg/ml, oral solution, Bottle, 240 ml",Zidovudine,Generic,10mg/ml,Oral solution,240,864,1684.8,1.95,0.01,"Cipla, Goa, India",Yes,Weight Captured Separately,Invoiced Separately,1.73
11860,106-HT-T01,Pre-PQ Process,SO-2596,DN-762,Haiti,PMO - US,From RDC,N/A - From RDC,Air,Pre-PQ Process,N/A - From RDC,18-Jun-08,18-Jun-08,18-Jun-08,ARV,Adult,SCMS from RDC,"Lopinavir/Ritonavir 200/50mg [Aluvia], tablets, 120 Tabs",Lopinavir/Ritonavir,Aluvia,200/50mg,Tablet,120,240,9864.0,41.1,0.34,ABBVIE Ludwigshafen Germany,Yes,52,1422.32,15.78
71532,101-CD-T30,FPQ-13555,SCMS-241110,ASN-26614,"Congo, DRC",PMO - US,Direct Drop,EXW,Air,3/19/2014,5/27/2014,29-Aug-14,29-Aug-14,23-Sep-14,ARV,Pediatric,Aurobindo Pharma Limited,"Nevirapine 50mg, dispersible tablets (tablets for oral suspension), 30 Tabs",Nevirapine,Generic,50mg,Chewable/dispersible tablet,30,240,312.0,1.3,0.04,"Aurobindo Unit III, India",Yes,30,1678.57,0.32
11533,131-NG-T01,Pre-PQ Process,SO-2575,DN-737,Nigeria,PMO - US,From RDC,N/A - From RDC,Air,Pre-PQ Process,N/A - From RDC,14-May-08,14-May-08,14-May-08,ARV,Adult,SCMS from RDC,"Lamivudine/Nevirapine/Zidovudine 150/200/300mg, tablets, 60 Tabs",Lamivudine/Nevirapine/Zidovudine,Generic,150/300/200mg,Tablet - FDC,60,164,2177.92,13.28,0.22,"Aurobindo Unit III, India",Yes,2095,10098.25,3.48
86513,109-TZ-T30,FPQ-9271,SO-41582,DN-2844,Tanzania,PMO - US,From RDC,N/A - From RDC,Truck,1/31/2012,N/A - From RDC,15-Nov-12,15-Nov-12,15-Nov-12,ARV,Adult,SCMS from RDC,"Lopinavir/Ritonavir 200/50mg, tablets, 120 Tabs",Lopinavir/Ritonavir,Generic,200/50mg,Tablet,120,16114,472301.34,29.31,0.24,Mylan (formerly Matrix) Nashik,Yes,4256,6052.1,662.17
85600,151-NG-T30,FPQ-14989,SO-51427,DN-4290,Nigeria,PMO - US,From RDC,N/A - From RDC,Air Charter,9/19/2014,N/A - From RDC,30-Jun-15,2-Jun-15,17-Jun-15,ARV,Adult,SCMS from RDC,"Lamivudine/Nevirapine/Zidovudine 150/200/300mg, tablets, 60 Tabs",Lamivudine/Nevirapine/Zidovudine,Generic,150/300/200mg,Tablet - FDC,60,88995,687041.4,7.72,0.13,"Cipla, Goa, India",No,See DN-4290 (ID#:83340),See DN-4290 (ID#:83340),706.28
82971,200-ZW-T30,FPQ-6483,SO-38900,DN-2318,Zimbabwe,PMO - US,From RDC,N/A - From RDC,Truck,10/13/2010,N/A - From RDC,30-Sep-11,23-Sep-11,23-Sep-11,ARV,Pediatric,SCMS from RDC,"Didanosine 200mg, delayed-release capsules, 30 Caps",Didanosine,Generic,200mg,Delayed-release capsules,30,51,561.0,11.0,0.37,"Aurobindo Unit III, India",Yes,6,909.15,1.21
11010,104-CI-T01,Pre-PQ Process,SO-21880,DN-1152,Côte d'Ivoire,PMO - US,From RDC,N/A - From RDC,Air,Pre-PQ Process,N/A - From RDC,30-Apr-09,30-Apr-09,30-Apr-09,ARV,Adult,SCMS from RDC,"Lamivudine/Zidovudine 150/300mg, tablets, 60 Tabs",Lamivudine/Zidovudine,Generic,150/300mg,Tablet - FDC,60,23524,206070.24,8.76,0.15,"Aurobindo Unit III, India",Yes,3155,9021.82,403.9
55862,106-HT-T30,FPQ-9635,SCMS-164450,ASN-17492,Haiti,PMO - US,Direct Drop,EXW,Air,5/14/2012,11/5/2012,4-Jan-13,4-Jan-13,4-Jan-13,ARV,Pediatric,Aurobindo Pharma Limited,"Abacavir/Lamivudine 60/30mg, tablets, 60 Tabs",Abacavir/Lamivudine,Generic,60/30mg,Tablet - FDC,60,2516,11573.6,4.6,0.08,"Aurobindo Unit III, India",Yes,118,1442.83,16.23
9565,116-ZA-T01,Pre-PQ Process,SCMS-16600,ASN-1526,South Africa,PMO - US,Direct Drop,DDP,,Pre-PQ Process,1/4/2008,21-Jan-08,21-Jan-08,21-Jan-08,ARV,Adult,"JSI R&T INSTITUTE, INC.","Stavudine 30mg [Zerit], capsules, 60 Caps",Stavudine,Zerit,30mg,Capsule,60,2500,14325.0,5.73,0.1,"BMS Meymac, France",Yes,Weight Captured Separately,Freight Included in Commodity Cost,22.92
2947,108-VN-T01,Pre-PQ Process,SCMS-14930,ASN-1231,Vietnam,PMO - US,Direct Drop,EXW,Air,Pre-PQ Process,12/5/2007,22-Jan-08,22-Jan-08,22-Jan-08,ARV,Adult,Aurobindo Pharma Limited,"Stavudine 15mg, capsules, 60 Caps",Stavudine,Generic,15mg,Capsule,60,400,600.0,1.5,0.02,"Aurobindo Unit III, India",Yes,83,2426.05,0.96
55180,114-UG-T30,FPQ-5276,SCMS-68290,ASN-6736,Uganda,PMO - US,Direct Drop,FCA,Air,3/12/2010,3/18/2010,4-May-10,4-May-10,4-May-10,ARV,Adult,ABBVIE LOGISTICS (FORMERLY ABBOTT LOGISTICS BV),"Lopinavir/Ritonavir 200/50mg [Aluvia], tablets, 120 Tabs",Lopinavir/Ritonavir,Aluvia,200/50mg,Tablet,120,100,3616.0,36.16,0.3,ABBVIE Ludwigshafen Germany,Yes,36,1084.27,7.8
7729,116-ZA-T01,Pre-PQ Process,SCMS-41090,ASN-3626,South Africa,PMO - US,Direct Drop,DDP,Air,Pre-PQ Process,Date Not Captured,9-Jun-09,27-Jan-09,27-Jan-09,ARV,Pediatric,S. BUYS WHOLESALER,"Efavirenz 50mg, capsule, 30 Caps",Efavirenz,Generic,50mg,Capsule,30,2996,9197.72,3.07,0.1,"Aurobindo Unit III, India",Yes,Weight Captured Separately,Freight Included in Commodity Cost,18.03
31709,104-CI-T30,FPQ-12150,SCMS-191940,ASN-20868,Côte d'Ivoire,PMO - US,Direct Drop,FCA,Air,4/29/2013,6/12/2013,1-Aug-13,1-Aug-13,1-Aug-13,ARV,Adult,ABBVIE LOGISTICS (FORMERLY ABBOTT LOGISTICS BV),"Ritonavir 100mg [Norvir], film coated tablets, 60 Tabs",Ritonavir,Norvir,100mg,Tablet,60,760,5206.0,6.85,0.11,ABBVIE Ludwigshafen Germany,Yes,97,1575.13,6.44
82861,106-HT-T30,FPQ-4384,SO-35920,DN-1667,Haiti,PMO - US,From RDC,N/A - From RDC,Air,10/23/2009,N/A - From RDC,10-Mar-10,3-Mar-10,3-Mar-10,ARV,Pediatric,SCMS from RDC,"Abacavir 20mg/ml, oral solution, Bottle, 240 ml",Abacavir,Generic,20mg/ml,Oral solution,240,224,3046.4,13.6,0.06,"Aurobindo Unit III, India",Yes,746,6036.96,6.57
64405,116-ZA-T30,FPQ-12522,SCMS-199283,ASN-27979,South Africa,PMO - US,Direct Drop,DDP,Truck,7/11/2013,8/27/2014,27-Aug-14,27-Aug-14,27-Aug-14,ARV,Adult,S. BUYS WHOLESALER,"Abacavir 300mg, tablets, 60 Tabs",Abacavir,Generic,300mg,Tablet,60,47,3625.9,77.15,1.29,"Aurobindo Unit III, India",No,Weight Captured Separately,Freight Included in Commodity Cost,4.49
83891,114-UG-T30,FPQ-14396,SO-49010,DN-4151,Uganda,PMO - US,From RDC,N/A - From RDC,Truck,6/4/2014,N/A - From RDC,16-Mar-15,12-Mar-15,17-Mar-15,ARV,Pediatric,SCMS from RDC,"Lamivudine/Nevirapine/Zidovudine 30/50/60mg, dispersible tablets, 60 Tabs",Lamivudine/Nevirapine/Zidovudine,Generic,30/50/60mg,Chewable/dispersible tablet - FDC,60,6384,22982.4,3.6,0.06,Mylan (formerly Matrix) Nashik,Yes,382,1587.3,23.63
33631,103-ZW-T30,FPQ-12094,SCMS-186830,ASN-22178,Zimbabwe,PMO - US,Direct Drop,FCA,Air,4/19/2013,4/25/2013,13-Dec-13,13-Dec-13,16-Dec-13,ARV,Pediatric,LAWRENCE LABORATORIES (SUBSIDIARY OF BRISTOL MYERS SQUIBB),"Didanosine 25mg [Videx], chewable tablets, 60 Tabs",Didanosine,Videx,25mg,Chewable/dispersible tablet,60,372,2604.0,7.0,0.12,Bristol-Myers Squibb Anagni IT,Yes,95,2265.88,3.22
48640,102-BI-T30,FPQ-15186,SCMS-260820,ASN-32560,Burundi,PMO - US,Direct Drop,EXW,Air,10/17/2014,11/12/2014,6-Jul-15,6-Jul-15,8-Jul-15,HRDT,HIV test,"CHEMBIO DIAGNOSTIC SYSTEMS, INC.","HIV 1/2, Stat-Pak Dipstick Assay Kit, 30 Tests","HIV 1/2, Stat-Pak Dipstick Assay Kit",Stat-Pak,,Test kit,30,594,16394.4,27.6,0.92,Chembio Diagnostics Sys. Inc.,Yes,63,877.52,19.3
54934,116-ZA-T30,FPQ-14942,SCMS-259079,ASN-33851,South Africa,PMO - US,Direct Drop,DDP,Truck,9/11/2014,10/9/2014,24-Aug-15,24-Aug-15,24-Aug-15,ARV,Adult,PHARMACY DIRECT,"Didanosine 250mg, delayed-release capsules, 30 Caps",Didanosine,Generic,250mg,Delayed-release capsules,30,6,71.03,11.84,0.39,"Aurobindo Unit III, India",No,Weight Captured Separately,Freight Included in Commodity Cost,0.07
70554,106-HT-T30,FPQ-6485,SCMS-89580,ASN-8883,Haiti,PMO - US,Direct Drop,EXW,Air,10/7/2010,11/4/2010,17-Dec-10,17-Dec-10,17-Dec-10,HRDT,HIV test,Orasure Technologies Inc.,"HIV 1/2, OraQuick Advance HIV Rapid Antibody Kit, 100 Tests","HIV 1/2, OraQuick Advance HIV Rapid Antibody Kit",OraQuick,,Test kit,100,85,29750.0,350.0,3.5,"Orasure Technologies, Inc",Yes,187,3254.23,64.14
63807,104-CI-T30,FPQ-12714,SCMS-205010,ASN-23353,Côte d'Ivoire,PMO - US,Direct Drop,EXW,Air,7/30/2013,9/2/2013,3-Jan-14,3-Jan-14,6-Jan-14,ARV,Pediatric,Aurobindo Pharma Limited,"Nevirapine 50mg, dispersible tablets (tablets for oral suspension), 30 Tabs",Nevirapine,Generic,50mg,Chewable/dispersible tablet,30,6500,8125.0,1.25,0.04,"Aurobindo Unit III, India",Yes,406,4837.38,10.05
84710,104-CI-T30,FPQ-8363,SO-40820,DN-2551,Côte d'Ivoire,PMO - US,From RDC,N/A - From RDC,Truck,8/29/2011,N/A - From RDC,2-Mar-12,24-Feb-12,24-Feb-12,ARV,Adult,SCMS from RDC,"Emtricitabine/Tenofovir Disoproxil Fumarate 200/300mg, tablets, 30 Tabs",Emtricitabine/Tenofovir Disoproxil Fumarate,Generic,200/300mg,Tablet - FDC,30,10760,94150.0,8.75,0.29,"Aurobindo Unit III, India",No,See DN-2551 (ID#:82452),See DN-2551 (ID#:82452),155.35
11357,106-HT-T01,Pre-PQ Process,SO-32720,DN-1466,Haiti,PMO - US,From RDC,N/A - From RDC,Air,Date Not Captured,N/A - From RDC,21-Oct-09,21-Oct-09,21-Oct-09,ARV,Adult,SCMS from RDC,"Lamivudine/Zidovudine 150/300mg, tablets, 60 Tabs",Lamivudine/Zidovudine,Generic,150/300mg,Tablet - FDC,60,59952,525179.52,8.76,0.15,"Aurobindo Unit III, India",Yes,6967,75688.58,1029.35
85708,111-MZ-T30,FPQ-5127,SO-36020,DN-2014,Mozambique,PMO - US,From RDC,N/A - From RDC,Truck,2/15/2010,N/A - From RDC,15-Oct-10,29-Oct-10,29-Oct-10,ARV,Adult,SCMS from RDC,"Lamivudine/Nevirapine/Zidovudine 150/200/300mg, tablets, 60 Tabs",Lamivudine/Nevirapine/Zidovudine,Generic,150/300/200mg,Tablet - FDC,60,48551,544742.22,11.22,0.19,Mylan (formerly Matrix) Nashik,Yes,15664,11884.42,1174.46
85257,102-DO-T30,FPQ-9676,SO-41880,DN-2638,Dominican Republic,PMO - US,From RDC,N/A - From RDC,Air,4/9/2012,N/A - From RDC,21-May-12,4-May-12,4-May-12,ARV,Adult,SCMS from RDC,"Lamivudine 150mg, tablets, 60 Tabs",Lamivudine,Generic,150mg,Tablet,60,1005,2341.65,2.33,0.04,Macleods Daman Plant INDIA,Yes,544,4392.94,3.28
42094,116-ZA-T30,FPQ-13035,SCMS-215370,ASN-24415,South Africa,PMO - US,Direct Drop,DDP,Truck,10/8/2013,12/2/2013,6-Feb-14,6-Feb-14,6-Feb-14,ARV,Adult,S. BUYS WHOLESALER,"Stavudine 30mg, capsules, 60 Caps",Stavudine,Generic,30mg,Capsule,60,1022,3808.14,3.73,0.06,"Aurobindo Unit III, India",No,Weight Captured Separately,Freight Included in Commodity Cost,4.71
51803,161-ZA-T30,FPQ-5648,SCMS-75660,ASN-8261,South Africa,PMO - US,Direct Drop,DDP,Ocean,6/2/2010,6/17/2010,12-Oct-10,12-Oct-10,12-Oct-10,ARV,Adult,Aurobindo Pharma Limited,"Efavirenz 600mg, tablets, 30 Tabs",Efavirenz,Generic,600mg,Tablet,30,17701,79831.51,4.51,0.15,"Aurobindo Unit III, India",Yes,1552,18114.34,172.12
85745,113-ZW-T30,FPQ-6470,SO-38830,DN-2128,Zimbabwe,PMO - US,From RDC,N/A - From RDC,Truck,10/13/2010,N/A - From RDC,31-Mar-11,18-Mar-11,18-Mar-11,ARV,Adult,SCMS from RDC,"Lamivudine/Tenofovir Disoproxil Fumarate 300/300mg, tablets, 30 Tabs",Lamivudine/Tenofovir Disoproxil Fumarate,Generic,300/300mg,Tablet - FDC,30,10114,89205.48,8.82,0.29,Mylan (formerly Matrix) Nashik,No,See DN-2128 (ID#:84624),See DN-2128 (ID#:84624),192.33
83139,114-UG-T30,FPQ-10945,SO-43630,DN-3147,Uganda,PMO - US,From RDC,N/A - From RDC,Air,11/6/2012,N/A - From RDC,20-Jun-13,22-May-13,22-May-13,ARV,Adult,SCMS from RDC,"Efavirenz/Lamivudine/Tenofovir Disoproxil Fumarate 600/300/300mg, tablets, 30 Tabs",Efavirenz/Lamivudine/Tenofovir Disoproxil Fumarate,Generic,600/300/300mg,Tablet - FDC,30,238606,2510135.12,10.52,0.35,Hetero Unit III Hyderabad IN,Yes,31473,24816.73,3105.04
85846,109-TZ-T30,FPQ-8297,SO-40610,DN-2598,Tanzania,PMO - US,From RDC,N/A - From RDC,Truck,8/22/2011,N/A - From RDC,4-May-12,11-Apr-12,11-Apr-12,ARV,Adult,SCMS from RDC,"Zidovudine 300mg, tablets, 60 Tabs",Zidovudine,Generic,300mg,Tablet,60,137759,967068.18,7.02,0.12,Hetero Unit III Hyderabad IN,No,See DN-2598 (ID#:82465),See DN-2598 (ID#:82465),1595.66
8692,131-NG-T01,Pre-PQ Process,SCMS-30500,ASN-2896,Nigeria,PMO - US,Direct Drop,CIP,Air,Pre-PQ Process,9/23/2008,10-Mar-09,24-Nov-08,24-Nov-08,ARV,Adult,MERCK SHARP & DOHME IDEA GMBH (FORMALLY MERCK SHARP & DOHME B.V.),"Efavirenz/Emtricitabine/Tenofovir Disoproxil Fumarate 600/200/300mg [Atripla], tablets, 30 Tabs",Efavirenz/Emtricitabine/Tenofovir Disoproxil Fumarate,Atripla,600/200/300mg,Tablet - FDC,30,2000,100800.0,50.4,1.68,"MSD, Haarlem, NL",Yes,169,924.4,197.57
12092,111-MZ-T01,Pre-PQ Process,SO-298,DN-304,Mozambique,PMO - US,From RDC,N/A - From RDC,Air,Pre-PQ Process,N/A - From RDC,21-Sep-07,21-Sep-07,21-Sep-07,ARV,Adult,SCMS from RDC,"Tenofovir Disoproxil Fumarate 300mg [Viread], tablets, 30 Tabs",Tenofovir Disoproxil Fumarate,Viread,300mg,Tablet,30,3318,56406.0,17.0,0.57,Gilead(Nycomed) Oranienburg DE,No,See DN-304 (ID#:10589),See DN-304 (ID#:10589),90.25
82880,151-NG-T30,FPQ-4537,SO-35110,DN-1777,Nigeria,PMO - US,From RDC,N/A - From RDC,Air Charter,11/6/2009,N/A - From RDC,31-Mar-10,18-May-10,18-May-10,ARV,Adult,SCMS from RDC,"Lamivudine/Zidovudine+Efavirenz 150/300mg+600mg, tablets, co-blister 60+30 Tabs",Lamivudine/Zidovudine+Efavirenz,Generic,150/300mg+600mg,Tablet - FDC + co-blister,90,854,23485.0,27.5,0.31,"Aurobindo Unit III, India",Yes,142,9736.1,50.63
11564,105-GY-T01,Pre-PQ Process,SO-18470,DN-1017,Guyana,PMO - US,From RDC,N/A - From RDC,Air,Pre-PQ Process,N/A - From RDC,21-Nov-08,21-Nov-08,21-Nov-08,ARV,Adult,SCMS from RDC,"Zidovudine 300mg, tablets, 60 Tabs",Zidovudine,Generic,300mg,Tablet,60,416,3286.4,7.9,0.13,"Aurobindo Unit III, India",Yes,49,1465.71,6.44
10968,112-NG-T01,Pre-PQ Process,SO-2350,DN-718,Nigeria,PMO - US,From RDC,N/A - From RDC,Air,Pre-PQ Process,N/A - From RDC,21-Apr-08,21-Apr-08,21-Apr-08,ARV,Adult,SCMS from RDC,"Lamivudine/Zidovudine 150/300mg, tablets, 60 Tabs",Lamivudine/Zidovudine,Generic,150/300mg,Tablet - FDC,60,760,7182.0,9.45,0.16,"Aurobindo Unit III, India",Yes,199,1917.53,11.49
10652,100-ZW-T01,Pre-PQ Process,SO-710,DN-488,Zimbabwe,PMO - US,From RDC,N/A - From RDC,Air,Pre-PQ Process,N/A - From RDC,14-Jan-08,14-Jan-08,14-Jan-08,ARV,Adult,SCMS from RDC,"Efavirenz 600mg, tablets, 30 Tabs",Efavirenz,Generic,600mg,Tablet,30,1860,23101.2,12.42,0.41,"Cipla, Goa, India",Yes,4091,12130.9,36.96
21390,108-VN-T30,FPQ-14516,SCMS-251671,ASN-29771,Vietnam,PMO - US,Direct Drop,EXW,Air,7/9/2014,11/24/2014,15-Jan-15,15-Jan-15,24-Feb-15,ARV,Adult,MYLAN LABORATORIES LTD (FORMERLY MATRIX LABORATORIES),"Abacavir 300mg, tablets, 60 Tabs",Abacavir,Generic,300mg,Tablet,60,1200,13308.0,11.09,0.18,Mylan (formerly Matrix) Nashik,Yes,128,1069.31,13.68
6139,102-GY-T01,Pre-PQ Process,SCMS-33940,ASN-3423,Guyana,PMO - US,Direct Drop,CIP,Air,Pre-PQ Process,11/19/2008,6-Mar-09,6-Mar-09,6-Mar-09,MRDT,Malaria,ZEPHYR BIOMEDICALS,"Malaria Paramax-3 Kit, 25 Tests",Malaria Paramax-3 Kit,Paramax,,Test kit,25,108,4050.0,37.5,1.5,Not Applicable,Yes,Weight Captured Separately,Freight Included in Commodity Cost,7.94
52677,114-UG-T30,FPQ-13116,SCMS-212630,ASN-23223,Uganda,PMO - US,Direct Drop,EXW,Air,10/23/2013,10/30/2013,4-Mar-14,4-Mar-14,5-Mar-14,ARV,Pediatric,ABBVIE LOGISTICS (FORMERLY ABBOTT LOGISTICS BV),"Lopinavir/Ritonavir 80/20mg/ml [Kaletra], oral solution, cool, Bottle 5 x 60 ml",Lopinavir/Ritonavir,Kaletra,80/20mg/ml,Oral solution,300,188,5794.16,30.82,0.1,ABBVIE (Abbott) Logis. UK,Yes,221,2553.06,5.96
8996,106-HT-T01,Pre-PQ Process,SCMS-39940,ASN-3753,Haiti,PMO - US,Direct Drop,FCA,Air,Pre-PQ Process,3/4/2009,15-Apr-09,15-Apr-09,15-Apr-09,ARV,Pediatric,ABBVIE LOGISTICS (FORMERLY ABBOTT LOGISTICS BV),"Lopinavir/Ritonavir 100/25mg [Aluvia], tablets, 60 Tabs",Lopinavir/Ritonavir,Generic,100/25mg,Tablet,60,14,143.92,10.28,0.17,ABBVIE Ludwigshafen Germany,Yes,7,810.36,0.28
84952,111-MZ-T30,FPQ-13123,SO-47090,DN-3826,Mozambique,PMO - US,From RDC,N/A - From RDC,Truck,10/21/2013,N/A - From RDC,29-Aug-14,5-Nov-14,7-Nov-14,ARV,Adult,SCMS from RDC,"Lamivudine/Stavudine 150/30mg, tablets, 60 Tabs",Lamivudine/Stavudine,Generic,150/30mg,Tablet - FDC,60,26700,66483.0,2.49,0.04,"Strides, Bangalore, India.",Yes,1307,1482.7,68.34
85429,104-CI-T30,FPQ-12800,SO-46342,DN-3471,Côte d'Ivoire,PMO - US,From RDC,N/A - From RDC,Air,8/9/2013,N/A - From RDC,17-Jan-14,17-Jan-14,23-Jan-14,ARV,Adult,SCMS from RDC,"Lamivudine/Tenofovir Disoproxil Fumarate 300/300mg, tablets, 30 Tabs",Lamivudine/Tenofovir Disoproxil Fumarate,Generic,300/300mg,Tablet - FDC,30,9744,45796.8,4.7,0.16,"Cipla, Kurkumbh, India",Yes,989,12924.8,56.65
71284,151-NG-T30,FPQ-16312,SCMS-287700,ASN-32527,Nigeria,PMO - US,Direct Drop,EXW,Air,5/4/2015,5/7/2015,24-Jun-15,24-Jun-15,30-Jun-15,ARV,Adult,HETERO LABS LIMITED,"Lamivudine/Tenofovir Disoproxil Fumarate 300/300mg, tablets, 30 Tabs",Lamivudine/Tenofovir Disoproxil Fumarate,Generic,300/300mg,Tablet - FDC,30,7026,31617.0,4.5,0.15,Hetero Unit III Hyderabad IN,No,See ASN-32527 (ID#:24386),See ASN-32527 (ID#:24386),37.21
45848,101-CD-T30,FPQ-12093,SCMS-189060,ASN-20771,"Congo, DRC",PMO - US,Direct Drop,FCA,Air,4/23/2013,5/23/2013,20-Nov-13,18-Nov-13,5-Dec-13,ARV,Pediatric,ABBVIE LOGISTICS (FORMERLY ABBOTT LOGISTICS BV),"Lopinavir/Ritonavir 80/20mg/ml [Kaletra], oral solution, cool, Bottle 5 x 60 ml",Lopinavir/Ritonavir,Kaletra,80/20mg/ml,Oral solution,300,20,616.4,30.82,0.1,ABBVIE (Abbott) Logis. UK,Yes,52,1573.41,0.76
55064,117-ET-T30,FPQ-15928,SCMS-280470,ASN-32557,Ethiopia,PMO - US,Direct Drop,EXW,Air,3/10/2015,3/17/2015,24-Jun-15,24-Jun-15,29-Jun-15,HRDT,HIV test,"Trinity Biotech, Plc","HIV 1/2, Uni-Gold HIV Kit, 20 Tests","HIV 1/2, Uni-Gold HIV Kit",Uni-Gold,,Test kit,20,170,5440.0,32.0,1.6,"Trinity Biotech, Plc",Yes,58,143.57,6.4
83131,113-ZW-T30,FPQ-11002,SO-43702,DN-3113,Zimbabwe,PMO - US,From RDC,N/A - From RDC,Truck,11/16/2012,N/A - From RDC,30-Apr-13,29-Apr-13,29-Apr-13,ARV,Adult,SCMS from RDC,"Nevirapine 200mg, tablets, 60 Tabs",Nevirapine,Generic,200mg,Tablet,60,4136,9347.36,2.26,0.04,"Aurobindo Unit III, India",Yes,394,8600,11.56
25830,161-ZA-T30,FPQ-5303,SCMS-68980,ASN-8160,South Africa,PMO - US,Direct Drop,DDP,Air,3/18/2010,3/19/2010,24-Aug-10,8-Dec-10,8-Dec-10,ARV,Pediatric,Aurobindo Pharma Limited,"Lamivudine 10mg/ml, oral solution w/syringe, Bottle, 240 ml",Lamivudine,Generic,10mg/ml,Oral solution,240,11640,34920.0,3.0,0.01,"Aurobindo Unit III, India",Yes,4386,12917.3,75.29
58852,116-ZA-T30,FPQ-5381,SCMS-69590,ASN-6724,South Africa,PMO - US,Direct Drop,DDP,Truck,3/23/2010,3/25/2010,1-Apr-10,1-Apr-10,1-Apr-10,ARV,Adult,S. BUYS WHOLESALER,"Abacavir 300mg [Ziagen], tablets, Blister 6 x 10 Tabs",Abacavir,Ziagen,300mg,Tablet - blister,60,30,1237.01,41.23,0.69,GSK Ware (UK),No,Weight Captured Separately,Freight Included in Commodity Cost,2.67
82401,104-CI-T30,FPQ-7659,SO-40122,DN-2339,Côte d'Ivoire,PMO - US,From RDC,N/A - From RDC,Air,5/3/2011,N/A - From RDC,12-Oct-11,12-Oct-11,12-Oct-11,ARV,Adult,SCMS from RDC,"Lamivudine/Nevirapine/Zidovudine 150/200/300mg, tablets, 60 Tabs",Lamivudine/Nevirapine/Zidovudine,Generic,150/300/200mg,Tablet - FDC,60,12169,136536.18,11.22,0.19,"Aurobindo Unit III, India",Yes,7916,21397.38,225.28
66431,114-UG-T30,FPQ-4482,SCMS-52570,ASN-5536,Uganda,PMO - US,Direct Drop,FCA,Air,10/21/2009,9/14/2009,3-Dec-09,3-Dec-09,3-Dec-09,ARV,Adult,Hoffmann-La Roche ltd Basel,"Saquinavir 500mg [Invirase], tablets, 120 Tabs",Saquinavir,Invirase,500mg,Tablet,120,161,16125.1,100.16,0.83,Roche Basel,Yes,30,1072.35,34.77
11637,114-UG-T01,Pre-PQ Process,SO-26161,DN-1226,Uganda,PMO - US,From RDC,N/A - From RDC,Air,Pre-PQ Process,N/A - From RDC,1-Jun-09,1-Jun-09,1-Jun-09,ARV,Adult,SCMS from RDC,"Lamivudine/Zidovudine 150/300mg, tablets, 60 Tabs",Lamivudine/Zidovudine,Generic,150/300mg,Tablet - FDC,60,685,6000.6,8.76,0.15,Mylan (formerly Matrix) Nashik,Yes,67,1122.87,11.76
86556,105-GY-T30,FPQ-11546,SO-44520,DN-3060,Guyana,PMO - US,From RDC,N/A - From RDC,Air,1/28/2013,N/A - From RDC,18-Apr-13,15-Mar-13,15-Mar-13,ARV,Adult,SCMS from RDC,"Lopinavir/Ritonavir 200/50mg, tablets, 120 Tabs",Lopinavir/Ritonavir,Generic,200/50mg,Tablet,120,2871,71085.96,24.76,0.21,Mylan (formerly Matrix) Nashik,No,See DN-3060 (ID#:83121),See DN-3060 (ID#:83121),87.93
85749,104-CI-T30,FPQ-6891,SO-38540,DN-2153,Côte d'Ivoire,PMO - US,From RDC,N/A - From RDC,Air,12/21/2010,N/A - From RDC,20-Apr-11,10-Jun-11,10-Jun-11,ARV,Adult,SCMS from RDC,"Abacavir 300mg, tablets, 60 Tabs",Abacavir,Generic,300mg,Tablet,60,3564,55242.0,15.5,0.26,Mylan (formerly Matrix) Nashik,No,See DN-2153 (ID#:82374),See DN-2153 (ID#:82374),91.15
12080,104-CI-T01,Pre-PQ Process,SO-816,DN-265,Côte d'Ivoire,PMO - US,From RDC,N/A - From RDC,Air,Pre-PQ Process,N/A - From RDC,17-Aug-07,17-Aug-07,17-Aug-07,ARV,Pediatric,SCMS from RDC,"Lopinavir/Ritonavir 80/20mg/ml [Kaletra], oral solution, cool, Bottle 5 x 60 ml",Lopinavir/Ritonavir,Kaletra,80/20mg/ml,Oral solution,300,56,2301.6,41.1,0.14,ABBVIE (Abbott) Logis. UK,No,See DN-265 (ID#:10580),See DN-265 (ID#:10580),3.68
22196,108-VN-T30,FPQ-13976,SCMS-236100,ASN-28777,Vietnam,PMO - US,Direct Drop,EXW,Air,4/8/2014,4/30/2014,26-Nov-14,26-Nov-14,26-Nov-14,ARV,Adult,MICRO LABS LIMITED,"Efavirenz 600mg, tablets, 30 Tabs",Efavirenz,Generic,600mg,Tablet,30,21000,62580.0,2.98,0.1,"Micro labs, Verna, Goa, India",Yes,3244,6195.84,64.33
82137,161-ZA-T30,FPQ-5303,SCMS-68940,ASN-8246,South Africa,PMO - US,Direct Drop,DDP,Air,3/18/2010,3/19/2010,7-Sep-10,17-Nov-10,17-Nov-10,ARV,Adult,Aurobindo Pharma Limited,"Efavirenz 600mg, tablets, 30 Tabs",Efavirenz,Generic,600mg,Tablet,30,39049,182358.83,4.67,0.16,"Aurobindo Unit III, India",Yes,3669,4263.07,393.17
71516,116-ZA-T30,FPQ-14942,SCMS-259072,ASN-30377,South Africa,PMO - US,Direct Drop,DDP,Truck,9/11/2014,1/26/2015,26-Jan-15,26-Jan-15,26-Jan-15,ARV,Adult,PHARMACY DIRECT,"Lamivudine/Zidovudine 150/300mg, tablets, 60 Tabs",Lamivudine/Zidovudine,Generic,150/300mg,Tablet - FDC,60,19,428.24,22.54,0.38,"Aurobindo Unit III, India",No,Weight Captured Separately,Freight Included in Commodity Cost,0.44
72832,901-CM-T30,FPQ-12837,SCMS-204300,ASN-21709,Cameroon,PMO - US,Direct Drop,EXW,Air,8/19/2013,8/23/2013,7-Nov-13,30-Oct-13,29-Oct-13,ARV,Adult,Aurobindo Pharma Limited,"Lamivudine/Tenofovir Disoproxil Fumarate 300/300mg, tablets, 30 Tabs",Lamivudine/Tenofovir Disoproxil Fumarate,Generic,300/300mg,Tablet - FDC,30,20993,97617.45,4.65,0.16,"Aurobindo Unit VII, IN",Yes,2100,17568.6,120.75
86118,101-CD-T30,FPQ-14252,SO-48850,DN-3843,"Congo, DRC",PMO - US,From RDC,N/A - From RDC,Air,5/7/2014,N/A - From RDC,13-Aug-14,24-Sep-14,6-Nov-14,ARV,Adult,SCMS from RDC,"Efavirenz 600mg, tablets, 30 Tabs",Efavirenz,Generic,600mg,Tablet,30,2955,9485.55,3.21,0.11,"Strides, Bangalore, India.",No,See DN-3843 (ID#:82707),See DN-3843 (ID#:82707),9.75
49656,116-ZA-T30,FPQ-13214,SCMS-215410,ASN-23875,South Africa,PMO - US,Direct Drop,DDP,Truck,11/14/2013,12/2/2013,13-Jan-14,13-Jan-14,13-Jan-14,ARV,Adult,S. BUYS WHOLESALER,"Zidovudine 300mg, tablets, 60 Tabs",Zidovudine,Generic,300mg,Tablet,60,32,790.81,24.71,0.41,"Aurobindo Unit III, India",No,Weight Captured Separately,Freight Included in Commodity Cost,0.81
41279,116-ZA-T30,FPQ-14942,SCMS-259079,ASN-33854,South Africa,PMO - US,Direct Drop,DDP,Truck,9/11/2014,10/9/2014,24-Aug-15,24-Aug-15,24-Aug-15,ARV,Pediatric,PHARMACY DIRECT,"Atazanavir 150mg [Reyataz], capsules, 60 Caps",Atazanavir,Reyataz,150mg,Capsule,60,3,47.7,15.9,0.26,"BMS Evansville, US",No,Weight Captured Separately,Freight Included in Commodity Cost,0.05
84076,151-NG-T30,FPQ-7217,SO-39160,DN-2165,Nigeria,PMO - US,From RDC,N/A - From RDC,Air Charter,2/21/2011,N/A - From RDC,15-Jun-11,11-May-11,11-May-11,ARV,Adult,SCMS from RDC,"Lamivudine/Nevirapine/Stavudine 150/200/30mg, tablets, 60 Tabs",Lamivudine/Nevirapine/Stavudine,Generic,150/200/30mg,Tablet - FDC,60,2000,11120.0,5.56,0.09,"Cipla, Goa, India",Yes,209,12601.07,18.35
82585,151-NG-T30,FPQ-11022,SO-45205,DN-3205,Nigeria,PMO - US,From RDC,N/A - From RDC,Air Charter,11/15/2012,N/A - From RDC,4-Jun-13,29-May-13,29-May-13,ARV,Adult,SCMS from RDC,"Efavirenz 600mg, tablets, 30 Tabs",Efavirenz,Generic,600mg,Tablet,30,13481,44891.73,3.33,0.11,"Aurobindo Unit III, India",Yes,1296,20761,55.53
85743,113-ZW-T30,FPQ-6470,SO-37830,DN-2127,Zimbabwe,PMO - US,From RDC,N/A - From RDC,Truck,10/13/2010,N/A - From RDC,31-Mar-11,17-Mar-11,17-Mar-11,ARV,Adult,SCMS from RDC,"Lamivudine/Stavudine 150/30mg, tablets, 60 Tabs",Lamivudine/Stavudine,Generic,150/30mg,Tablet - FDC,60,4669,14940.8,3.2,0.05,"Cipla, Goa, India",No,See DN-2127 (ID#:82371),See DN-2127 (ID#:82371),32.21
11276,106-HT-T01,Pre-PQ Process,SO-15940,DN-997,Haiti,PMO - US,From RDC,N/A - From RDC,Air,Pre-PQ Process,N/A - From RDC,17-Nov-08,17-Nov-08,17-Nov-08,ARV,Pediatric,SCMS from RDC,"Zidovudine 10mg/ml, oral solution, Bottle, 240 ml",Zidovudine,Generic,10mg/ml,Oral solution,240,10000,21000.0,2.1,0.01,"Aurobindo Unit III, India",Yes,3720,43704.8,41.16
84945,102-ZW-T30,FPQ-14557,SO-49250,DN-3879,Zimbabwe,PMO - US,From RDC,N/A - From RDC,Truck,7/2/2014,N/A - From RDC,25-Aug-14,12-Sep-14,13-Oct-14,ARV,Pediatric,SCMS from RDC,"Abacavir 20mg/ml, [DON] oral solution, Bottle, 240 ml",Abacavir,Generic,20mg/ml,Oral solution,240,301,0.0,0.0,0.0,"Aurobindo Unit III, India",Yes,Weight Captured Separately,Invoiced Separately,0.0
11902,112-NG-T01,Pre-PQ Process,SO-2731,DN-776,Nigeria,PMO - US,From RDC,N/A - From RDC,Truck,Pre-PQ Process,N/A - From RDC,3-Jun-08,3-Jun-08,3-Jun-08,ARV,Pediatric,SCMS from RDC,"Lamivudine 10mg/ml, oral solution, Bottle, 240 ml",Lamivudine,Generic,10mg/ml,Oral solution,240,1000,1920.0,1.92,0.01,"Aurobindo Unit III, India",Yes,346,1988.9,3.07
84546,114-UG-T30,FPQ-4497,SO-34860,DN-1758,Uganda,PMO - US,From RDC,N/A - From RDC,Truck,10/28/2009,N/A - From RDC,28-Apr-10,25-Mar-10,25-Mar-10,ARV,Adult,SCMS from RDC,"Lamivudine/Nevirapine/Zidovudine 150/200/300mg, tablets, 60 Tabs",Lamivudine/Nevirapine/Zidovudine,Generic,150/300/200mg,Tablet - FDC,60,3000,33660.0,11.22,0.19,"Aurobindo Unit III, India",Yes,359,3302.05,72.57
77780,114-UG-T30,FPQ-9365,SCMS-142230,ASN-14835,Uganda,PMO - US,Direct Drop,CIP,Air,3/15/2012,4/4/2012,21-May-12,21-May-12,21-May-12,ARV,Adult,MERCK SHARP & DOHME IDEA GMBH (FORMALLY MERCK SHARP & DOHME B.V.),"Raltegravir 400mg [Isentress], tablets, 60 Tabs",Raltegravir,Isentress,400mg,Tablet,60,168,9324.0,55.5,0.92,"MSD, Haarlem, NL",Yes,35,886,13.07
4921,108-VN-T01,Pre-PQ Process,SCMS-37170,ASN-3562,Vietnam,PMO - US,Direct Drop,EXW,Air,Pre-PQ Process,1/16/2009,10-Apr-09,10-Apr-09,10-Apr-09,ARV,Adult,Aurobindo Pharma Limited,"Nevirapine 200mg, tablets, 60 Tabs",Nevirapine,Generic,200mg,Tablet,60,5200,15080.0,2.9,0.05,"Aurobindo Unit III, India",No,See ASN-3562 (ID#:960),See ASN-3562 (ID#:960),29.56
84146,109-TZ-T30,FPQ-8297,SO-40630,DN-2544,Tanzania,PMO - US,From RDC,N/A - From RDC,Truck,8/22/2011,N/A - From RDC,30-Mar-12,12-Mar-12,12-Mar-12,ARV,Adult,SCMS from RDC,"Abacavir 300mg, tablets, 60 Tabs",Abacavir,Generic,300mg,Tablet,60,15003,219493.89,14.63,0.24,Mylan (formerly Matrix) Nashik,No,See DN-2544 (ID#:84145),See DN-2544 (ID#:84145),362.16
76071,111-MZ-T30,FPQ-4080,SCMS-51390,ASN-5103,Mozambique,PMO - US,Direct Drop,EXW,Air,8/4/2009,8/11/2009,1-Dec-09,1-Dec-09,1-Dec-09,HRDT,HIV test,"Orgenics, Ltd","HIV 1/2, Determine Complete HIV Kit, 100 Tests","HIV 1/2, Determine Complete HIV Kit",Determine,,Test kit,100,3300,237600.0,72.0,0.72,Inverness Japan,Yes,1593,29373.14,465.7
1115,116-ZA-T01,Pre-PQ Process,SCMS-47500,ASN-4332,South Africa,PMO - US,Direct Drop,DDP,Truck,Pre-PQ Process,4/2/2009,15-May-09,23-Apr-09,23-Apr-09,ARV,Adult,S. BUYS WHOLESALER,"Zidovudine 300mg, tablets, 60 Tabs",Zidovudine,Generic,300mg,Tablet,60,1000,19770.0,19.77,0.33,"Aurobindo Unit III, India",Yes,Weight Captured Separately,3134.85,38.75
10577,105-GY-T01,Pre-PQ Process,SO-694,DN-280,Guyana,PMO - US,From RDC,N/A - From RDC,Air,Pre-PQ Process,N/A - From RDC,9-Aug-07,9-Aug-07,9-Aug-07,ARV,Adult,SCMS from RDC,"Zidovudine 300mg, tablets, 60 Tabs",Zidovudine,Generic,300mg,Tablet,60,564,4596.6,8.15,0.14,"Aurobindo Unit III, India",Yes,34,1920,7.35
10691,125-HT-T01,Pre-PQ Process,SO-1291,DN-686,Haiti,PMO - US,From RDC,N/A - From RDC,Air,Pre-PQ Process,N/A - From RDC,3-Apr-08,3-Apr-08,3-Apr-08,HRDT,HIV test,SCMS from RDC,"HIV 1/2, Determine HIV Kit, without Lancets, 100 Tests","HIV 1/2, Determine HIV Kit, without Lancets",Determine,,Test kit,100,10,720.0,72.0,0.72,Inverness Japan,Yes,12,785.88,1.15
84136,101-CD-T30,FPQ-8840,SO-41137,DN-2499,"Congo, DRC",PMO - US,From RDC,N/A - From RDC,Air,11/21/2011,N/A - From RDC,16-Mar-12,14-Feb-12,14-Feb-12,ARV,Adult,SCMS from RDC,"Lamivudine/Zidovudine 150/300mg, tablets, 60 Tabs",Lamivudine/Zidovudine,Generic,150/300mg,Tablet - FDC,60,450,3717.0,8.26,0.14,"Aurobindo Unit III, India",No,See DN-2499 (ID#:83004),See DN-2499 (ID#:83004),5.21
65699,104-CI-T30,FPQ-8302,SCMS-124780,ASN-13202,Côte d'Ivoire,PMO - US,Direct Drop,FCA,Air,8/29/2011,11/18/2011,22-Dec-11,22-Dec-11,22-Dec-11,ARV,Adult,ABBVIE LOGISTICS (FORMERLY ABBOTT LOGISTICS BV),"Lopinavir/Ritonavir 200/50mg [Aluvia], tablets, 120 Tabs",Lopinavir/Ritonavir,Aluvia,200/50mg,Tablet,120,28000,862960.0,30.82,0.26,ABBVIE Ludwigshafen Germany,Yes,7025,46002.44,1423.88
86275,111-MZ-T30,FPQ-4711,SO-35720,DN-1679,Mozambique,PMO - US,From RDC,N/A - From RDC,Truck,12/23/2009,N/A - From RDC,28-Apr-10,28-Apr-10,28-Apr-10,ARV,Adult,SCMS from RDC,"Lamivudine/Stavudine 150/30mg, tablets, 60 Tabs",Lamivudine/Stavudine,Generic,150/30mg,Tablet - FDC,60,24880,84592.0,3.4,0.06,"Strides, Bangalore, India.",Yes,1401,4764.16,182.38
39391,108-VN-T30,FPQ-15692,SCMS-274390,ASN-32267,Vietnam,PMO - US,Direct Drop,EXW,Air,1/28/2015,2/17/2015,10-Jul-15,7-Jul-15,7-Jul-15,ARV,Adult,HETERO LABS LIMITED,"Efavirenz/Lamivudine/Tenofovir Disoproxil Fumarate 600/300/300mg, tablets, 30 Tabs",Efavirenz/Lamivudine/Tenofovir Disoproxil Fumarate,Generic,600/300/300mg,Tablet - FDC,30,17760,177600.0,10.0,0.33,Hetero Unit III Hyderabad IN,Yes,2523,4784.19,209.04
84199,151-NG-T30,FPQ-9968,SO-42681,DN-2900,Nigeria,PMO - US,From RDC,N/A - From RDC,Air,5/23/2012,N/A - From RDC,6-Nov-12,6-Nov-12,6-Nov-12,ARV,Adult,SCMS from RDC,"Lamivudine/Zidovudine 150/300mg, tablets, 60 Tabs",Lamivudine/Zidovudine,Generic,150/300mg,Tablet - FDC,60,88403,682471.16,7.72,0.13,Hetero Unit III Hyderabad IN,Yes,9421,15459.1,956.82
77735,104-CI-T30,FPQ-12806,SCMS-206590,ASN-24449,Côte d'Ivoire,PMO - US,Direct Drop,EXW,Air,8/9/2013,9/16/2013,3-Mar-14,3-Mar-14,26-Mar-14,ARV,Adult,MYLAN LABORATORIES LTD (FORMERLY MATRIX LABORATORIES),"Atazanavir/Ritonavir 300/100mg, tablets, 30 Tabs",Atazanavir/Ritonavir,Generic,300/100mg,Tablet,30,2100,42000.0,20.0,0.67,Mylan (formerly Matrix) Nashik,Yes,293,3169.34,51.95
86374,104-CI-T30,FPQ-6891,SO-38540,DN-2153,Côte d'Ivoire,PMO - US,From RDC,N/A - From RDC,Air,12/21/2010,N/A - From RDC,20-Apr-11,10-Jun-11,10-Jun-11,ARV,Adult,SCMS from RDC,"Emtricitabine/Tenofovir Disoproxil Fumarate 200/300mg, tablets, 30 Tabs",Emtricitabine/Tenofovir Disoproxil Fumarate,Generic,200/300mg,Tablet - FDC,30,14440,157684.8,10.92,0.36,Mylan (formerly Matrix) Nashik,No,See DN-2153 (ID#:82374),See DN-2153 (ID#:82374),260.18
62253,200-UG-T30,FPQ-14628,SCMS-253230,ASN-28350,Uganda,PMO - US,Direct Drop,EXW,Air,7/23/2014,9/4/2014,14-Oct-14,14-Oct-14,15-Oct-14,HRDT,HIV test,"Trinity Biotech, Plc","HIV 1/2, Uni-Gold HIV Kit, 20 Tests","HIV 1/2, Uni-Gold HIV Kit",Uni-Gold,,Test kit,20,1903,60896.0,32.0,1.6,"Trinity Biotech, Plc",Yes,566,3603.93,62.6
84544,114-UG-T30,FPQ-4495,SO-34970,DN-1755,Uganda,PMO - US,From RDC,N/A - From RDC,Truck,10/28/2009,N/A - From RDC,1-Apr-10,25-Mar-10,25-Mar-10,ARV,Adult,SCMS from RDC,"Lamivudine/Nevirapine/Zidovudine 150/200/300mg, tablets, 60 Tabs",Lamivudine/Nevirapine/Zidovudine,Generic,150/300/200mg,Tablet - FDC,60,20000,224400.0,11.22,0.19,"Aurobindo Unit III, India",Yes,2356,16682.66,483.81
83510,109-TZ-T30,FPQ-7675,SO-39760,DN-2265,Tanzania,PMO - US,From RDC,N/A - From RDC,Air,5/18/2011,N/A - From RDC,31-Aug-11,18-Jul-11,18-Jul-11,ARV,Adult,SCMS from RDC,"Emtricitabine/Tenofovir Disoproxil Fumarate 200/300mg, tablets, 30 Tabs",Emtricitabine/Tenofovir Disoproxil Fumarate,Generic,200/300mg,Tablet - FDC,30,77636,818283.44,10.54,0.35,Mylan (formerly Matrix) Nashik,Yes,6986,26538.46,1350.17
86790,151-NG-T30,FPQ-14989,SO-49931,DN-4187,Nigeria,PMO - US,From RDC,N/A - From RDC,Air Charter,9/19/2014,N/A - From RDC,30-Jun-15,18-Mar-15,20-Mar-15,ARV,Adult,SCMS from RDC,"Lopinavir/Ritonavir 200/50mg [Aluvia], tablets, 120 Tabs",Lopinavir/Ritonavir,Aluvia,200/50mg,Tablet,120,13130,244743.2,18.64,0.16,ABBVIE Ludwigshafen Germany,Yes,3232,4495.29,251.6
81920,106-HT-T30,FPQ-10555,SCMS-158630,ASN-16286,Haiti,PMO - US,Direct Drop,EXW,Air,8/24/2012,8/29/2012,4-Oct-12,4-Oct-12,4-Oct-12,ARV,Pediatric,Aurobindo Pharma Limited,"Lamivudine 10mg/ml, oral solution w/syringe, Bottle, 240 ml",Lamivudine,Generic,10mg/ml,Oral solution,240,3528,6526.8,1.85,0.01,"Aurobindo Unit III, India",Yes,1296,9230.19,9.15
58806,116-ZA-T30,FPQ-4054,SCMS-51251,ASN-5340,South Africa,PMO - US,Direct Drop,DDP,Truck,7/29/2009,8/7/2009,7-Oct-09,7-Oct-09,7-Oct-09,ARV,Adult,S. BUYS WHOLESALER,"Efavirenz 600mg, tablets, 30 Tabs",Efavirenz,Generic,600mg,Tablet,30,1440,27430.13,19.05,0.64,"Cipla, Goa, India",Yes,Weight Captured Separately,Freight Included in Commodity Cost,53.76
14404,161-ZA-T30,FPQ-7175,SCMS-103970,ASN-11255,South Africa,PMO - US,Direct Drop,DDP,Ocean,3/10/2011,3/28/2011,2-Sep-11,2-Sep-11,2-Sep-11,ARV,Adult,STRIDES ARCOLAB LIMITED,"Nevirapine 200mg, tablets, 60 Tabs",Nevirapine,Generic,200mg,Tablet,60,150000,430500.0,2.87,0.05,"Strides, Bangalore, India.",Yes,9306,10511.33,710.32
14265,108-VN-T30,FPQ-11418,SCMS-176190,ASN-19193,Vietnam,PMO - US,Direct Drop,EXW,Air,1/29/2013,2/5/2013,24-May-13,24-May-13,24-May-13,ARV,Pediatric,Aurobindo Pharma Limited,"Nevirapine 10mg/ml, oral suspension w/syringe, Bottle, 240 ml",Nevirapine,Generic,10mg/ml,Oral suspension,240,263,486.55,1.85,0.01,"Aurobindo Unit III, India",Yes,182,5970.85,0.6
85461,109-TZ-T30,FPQ-12587,SO-48290,DN-3646,Tanzania,PMO - US,From RDC,N/A - From RDC,Truck,7/4/2013,N/A - From RDC,15-Sep-14,25-Sep-14,7-Nov-14,ARV,Adult,SCMS from RDC,"Emtricitabine/Tenofovir Disoproxil Fumarate 200/300mg, tablets, 30 Tabs",Emtricitabine/Tenofovir Disoproxil Fumarate,Generic,200/300mg,Tablet - FDC,30,1542,8851.08,5.74,0.19,"Aurobindo Unit III, India",Yes,9400,2317.16,10.95
60084,113-ZW-T30,FPQ-13939,SCMS-234730,ASN-26148,Zimbabwe,PMO - US,Direct Drop,EXW,Air Charter,4/1/2014,5/12/2014,14-Jun-14,14-Jun-14,16-Jun-14,ARV,Adult,CIPLA LIMITED,"Nevirapine 200mg, tablets, 60 Tabs",Nevirapine,Generic,200mg,Tablet,60,85000,188700.0,2.22,0.04,"Cipla, Goa, India",Yes,11125,84791.1,193.98
83067,105-GY-T30,FPQ-10252,SO-42780,DN-2811,Guyana,PMO - US,From RDC,N/A - From RDC,Air,7/5/2012,N/A - From RDC,2-Oct-12,29-Aug-12,29-Aug-12,ARV,Pediatric,SCMS from RDC,"Efavirenz 200mg, capsule, 90 Caps",Efavirenz,Generic,200mg,Capsule,90,52,429.52,8.26,0.09,"Aurobindo Unit III, India",Yes,38,4718.3,0.6
84731,113-ZW-T30,FPQ-8464,SO-40891,DN-2694,Zimbabwe,PMO - US,From RDC,N/A - From RDC,Truck,10/4/2011,N/A - From RDC,16-Oct-12,27-Jun-12,27-Jun-12,ARV,Adult,SCMS from RDC,"Lamivudine/Nevirapine/Zidovudine 150/200/300mg, tablets, 60 Tabs",Lamivudine/Nevirapine/Zidovudine,Generic,150/300/200mg,Tablet - FDC,60,11574,119096.46,10.29,0.17,Mylan (formerly Matrix) Nashik,No,See DN-2694 (ID#:82483),See DN-2694 (ID#:82483),196.51
82451,109-TZ-T30,FPQ-8303,SO-41390,DN-2550,Tanzania,PMO - US,From RDC,N/A - From RDC,Truck,8/22/2011,N/A - From RDC,15-Mar-12,12-Mar-12,12-Mar-12,ARV,Pediatric,SCMS from RDC,"Abacavir 20mg/ml, oral solution w/syringe, Bottle, 240 ml",Abacavir,Generic,20mg/ml,Oral solution,240,2176,27200.0,12.5,0.05,"Aurobindo Unit III, India",Yes,821,1698.83,44.88
25809,108-VN-T30,FPQ-12051,SCMS-188680,ASN-20555,Vietnam,PMO - US,Direct Drop,EXW,Air,5/3/2013,5/17/2013,3-Sep-13,3-Sep-13,3-Sep-13,ARV,Adult,Aurobindo Pharma Limited,"Lamivudine/Nevirapine/Zidovudine 150/200/300mg, tablets, 60 Tabs",Lamivudine/Nevirapine/Zidovudine,Generic,150/300/200mg,Tablet - FDC,60,12488,101777.2,8.15,0.14,"Aurobindo Unit III, India",Yes,1846,3314.03,125.9
35609,105-GH-T30,FPQ-13872,SCMS-235800,ASN-26462,Ghana,PMO - US,Direct Drop,EXW,Air,3/24/2014,4/23/2014,17-Jul-14,23-Jul-14,31-Jul-14,ARV,Adult,STRIDES ARCOLAB LIMITED,"Efavirenz 600mg, tablets, 30 Tabs",Efavirenz,Generic,600mg,Tablet,30,60000,191400.0,3.19,0.11,"Strides, Bangalore, India.",Yes,3862,25512.84,196.76
11947,123-NG-T01,Pre-PQ Process,SO-2554,DN-960,Nigeria,PMO - US,From RDC,N/A - From RDC,Air,Pre-PQ Process,N/A - From RDC,30-Oct-08,30-Oct-08,30-Oct-08,ARV,Pediatric,SCMS from RDC,"Efavirenz 200mg, capsule, 90 Caps",Efavirenz,Generic,200mg,Capsule,90,1132,18112.0,16.0,0.18,"Aurobindo Unit III, India",No,See DN-960 (ID#:11945),See DN-960 (ID#:11945),35.5
11377,113-ZW-T01,Pre-PQ Process,SO-223,DN-92,Zimbabwe,PMO - US,From RDC,N/A - From RDC,,Pre-PQ Process,N/A - From RDC,18-Apr-07,18-Apr-07,18-Apr-07,ARV,Adult,SCMS from RDC,"Zidovudine 300mg, tablets, 60 Tabs",Zidovudine,Generic,300mg,Tablet,60,421,4113.17,9.77,0.16,"Ranbaxy, Paonta Shahib, India",Yes,25,516.84,
57754,116-ZA-T30,FPQ-13973,SCMS-238551,ASN-26882,South Africa,PMO - US,Direct Drop,DDP,Truck,4/30/2014,6/25/2014,25-Jun-14,25-Jun-14,25-Jun-14,ARV,Adult,PHARMACY DIRECT,"Abacavir 300mg, tablets, 60 Tabs",Abacavir,Generic,300mg,Tablet,60,45,3104.58,68.99,1.15,"Aurobindo Unit III, India",No,Weight Captured Separately,Freight Included in Commodity Cost,3.19
60168,161-ZA-T30,FPQ-5303,SCMS-68740,ASN-7868,South Africa,PMO - US,Direct Drop,DDP,Air,3/18/2010,3/19/2010,1-Sep-10,3-Sep-10,3-Sep-10,ARV,Adult,CIPLA LIMITED,"Tenofovir Disoproxil Fumarate 300mg, tablets, 30 Tabs",Tenofovir Disoproxil Fumarate,Generic,300mg,Tablet,30,64771,506509.22,7.82,0.26,"Cipla, Goa, India",Yes,4398,5298.03,1092.03
51340,106-HT-T30,FPQ-11443,SCMS-180990,ASN-20370,Haiti,PMO - US,Direct Drop,EXW,Air,2/7/2013,3/22/2013,24-Jul-13,24-Jul-13,24-Jul-13,ARV,Pediatric,STRIDES ARCOLAB LIMITED,"Lamivudine/Nevirapine/Zidovudine 30/50/60mg, dispersible tablets, 60 Tabs",Lamivudine/Nevirapine/Zidovudine,Generic,30/50/60mg,Chewable/dispersible tablet - FDC,60,4095,16380.0,4.0,0.07,"Strides, Bangalore, India.",Yes,176,3456.02,20.26
19013,161-ZA-T30,FPQ-5303,SCMS-68980,ASN-7662,South Africa,PMO - US,Direct Drop,DDP,Air,3/18/2010,3/19/2010,24-Aug-10,20-Sep-10,20-Sep-10,ARV,Adult,Aurobindo Pharma Limited,"Lamivudine 150mg, tablets, 60 Tabs",Lamivudine,Generic,150mg,Tablet,60,33338,84345.14,2.53,0.04,"Aurobindo Unit III, India",Yes,1791,1791.42,181.85
85101,114-UG-T30,FPQ-4496,SO-34990,DN-1749,Uganda,PMO - US,From RDC,N/A - From RDC,Truck,10/28/2009,N/A - From RDC,26-Mar-10,25-Mar-10,25-Mar-10,ARV,Adult,SCMS from RDC,"Lamivudine/Tenofovir Disoproxil Fumarate 300/300mg, tablets, 30 Tabs",Lamivudine/Tenofovir Disoproxil Fumarate,Generic,300/300mg,Tablet - FDC,30,3680,36800.0,10.0,0.33,Mylan (formerly Matrix) Nashik,Yes,328,3522.52,79.34
284,107-RW-T01,Pre-PQ Process,SCMS-14630,ASN-1253,Rwanda,PMO - US,Direct Drop,EXW,Air,Pre-PQ Process,12/10/2007,31-Jan-08,31-Jan-08,31-Jan-08,HRDT,HIV test - Ancillary,"Orgenics, Ltd","HIV, Lancet, Safety, for HIV Test kits, 100 Pcs","HIV, Lancet, Safety, for HIV Test kits, 100 Pcs",Generic,,Test kit - Ancillary,100,1500,15.0,0.01,0.0,Inverness Japan,Yes,99,0.75,0.02
72625,106-HT-T30,FPQ-4337,SCMS-56130,ASN-5752,Haiti,PMO - US,Direct Drop,CIP,Air,10/13/2009,11/6/2009,27-Jan-10,27-Jan-10,27-Jan-10,ARV,Pediatric,MERCK SHARP & DOHME IDEA GMBH (FORMALLY MERCK SHARP & DOHME B.V.),"Efavirenz 30mg/ml [Stocrin/Sustiva], oral solution, Bottle, 180 ml",Efavirenz,Stocrin/Sustiva,30mg/ml,Oral solution,180,167,2832.32,16.96,0.09,"MSD, Haarlem, NL",Yes,47,290,5.55
69009,116-ZA-T30,FPQ-14942,SCMS-259079,ASN-33852,South Africa,PMO - US,Direct Drop,DDP,Truck,9/11/2014,10/9/2014,24-Aug-15,24-Aug-15,24-Aug-15,ARV,Pediatric,PHARMACY DIRECT,"Efavirenz 200mg, capsule, 90 Caps",Efavirenz,Generic,200mg,Capsule,90,41,748.24,18.25,0.2,"Aurobindo Unit III, India",No,Weight Captured Separately,Freight Included in Commodity Cost,0.77
12460,104-CI-T01,Pre-PQ Process,SO-1104,DN-569,Côte d'Ivoire,PMO - US,From RDC,N/A - From RDC,Air,Pre-PQ Process,N/A - From RDC,29-Jan-08,29-Jan-08,29-Jan-08,ARV,Pediatric,SCMS from RDC,"Lamivudine 10mg/ml, oral solution, Bottle, 240 ml",Lamivudine,Generic,10mg/ml,Oral solution,240,15000,29550.0,1.97,0.01,"Aurobindo Unit III, India",No,See DN-569 (ID#:11224),See DN-569 (ID#:11224),47.28
42186,116-ZA-T30,FPQ-13973,SCMS-238550,ASN-30792,South Africa,PMO - US,Direct Drop,DDP,Truck,4/30/2014,5/8/2014,19-Feb-15,19-Feb-15,19-Feb-15,ARV,Pediatric,PHARMACY DIRECT,"Lamivudine 10mg/ml, oral solution, Bottle, 240 ml",Lamivudine,Generic,10mg/ml,Oral solution,240,3,21.46,7.15,0.03,"Aurobindo Unit III, India",No,Weight Captured Separately,Freight Included in Commodity Cost,0.02
53971,800-LS-T30,FPQ-13954,SCMS-233580,ASN-25539,Lesotho,PMO - US,Direct Drop,EXW,Air,3/24/2014,4/2/2014,7-May-14,7-May-14,9-May-14,HRDT,HIV test,"Trinity Biotech, Plc","HIV 1/2, Uni-Gold HIV Kit, 20 Tests","HIV 1/2, Uni-Gold HIV Kit",Uni-Gold,,Test kit,20,2500,80000.0,32.0,1.6,"Trinity Biotech, Plc",Yes,Weight Captured Separately,Invoiced Separately,82.24
70812,109-TZ-T30,FPQ-10546,SCMS-159630,ASN-17948,Tanzania,PMO - US,Direct Drop,FCA,Air,8/24/2012,9/12/2012,15-Mar-13,15-Mar-13,15-Mar-13,ARV,Pediatric,ABBVIE LOGISTICS (FORMERLY ABBOTT LOGISTICS BV),"Lopinavir/Ritonavir 100/25mg [Aluvia], tablets, 60 Tabs",Lopinavir/Ritonavir,Generic,100/25mg,Tablet,60,407,2592.59,6.37,0.11,ABBVIE Ludwigshafen Germany,Yes,68,1264.16,3.63
85666,151-NG-T30,FPQ-4537,SO-35066,DN-1726,Nigeria,PMO - US,From RDC,N/A - From RDC,Air Charter,11/6/2009,N/A - From RDC,19-Apr-10,31-Mar-10,31-Mar-10,ARV,Adult,SCMS from RDC,"Lamivudine/Nevirapine/Zidovudine 150/200/300mg, tablets, 60 Tabs",Lamivudine/Nevirapine/Zidovudine,Generic,150/300/200mg,Tablet - FDC,60,140000,1570800.0,11.22,0.19,"Aurobindo Unit III, India",Yes,16424,Freight Included in Commodity Cost,3386.64
42000,101-KE-T30,FPQ-11883,SCMS-184980,ASN-20969,Kenya,PMO - US,Direct Drop,EXW,Air,3/25/2013,6/10/2013,24-Aug-13,24-Aug-13,24-Aug-13,HRDT,HIV test,"SHANGHAI KEHUA BIOENGINEERING CO.,LTD.  (KHB)","HIV 1/2, SKB Colloidal Gold, Diagnostic Kit Set, (includes lancet, transfer pipette & alcohol prep pad), 50 Tests","HIV 1/2, Colloidal Gold, Diagnostic Kit Set (includes lancet, transfer pipette & alcohol prep pad)",Colloidal Gold,,Test kit,1,20000,600000.0,30.0,30.0,"KHB Test Kit Facility, Shanghai China",Yes,18580,241407.27,742.2
83237,104-CI-T30,FPQ-13142,SO-47130,DN-3655,Côte d'Ivoire,PMO - US,From RDC,N/A - From RDC,Truck,10/22/2013,N/A - From RDC,21-Apr-14,1-May-14,11-Jun-14,ARV,Adult,SCMS from RDC,"Lamivudine/Nevirapine/Zidovudine 150/200/300mg, tablets, 60 Tabs",Lamivudine/Nevirapine/Zidovudine,Generic,150/300/200mg,Tablet - FDC,60,100000,811000.0,8.11,0.14,"Strides, Bangalore, India.",Yes,12199,46520.17,833.71
43643,116-ZA-T30,FPQ-5535,SCMS-71370,ASN-7373,South Africa,PMO - US,Direct Drop,DDP,Truck,4/19/2010,4/21/2010,31-May-10,31-May-10,31-May-10,ARV,Pediatric,S. BUYS WHOLESALER,"Lamivudine 10mg/ml [Epivir], oral solution, Bottle, 240 ml",Lamivudine,Epivir,10mg/ml,Oral solution,240,500,3093.93,6.19,0.03,GSK Mississauga (Canada),No,Weight Captured Separately,Freight Included in Commodity Cost,6.67
86385,151-NG-T30,FPQ-7217,SO-39610,DN-2225,Nigeria,PMO - US,From RDC,N/A - From RDC,Air Charter,2/21/2011,N/A - From RDC,15-Jun-11,6-Jul-11,6-Jul-11,ARV,Adult,SCMS from RDC,"Lamivudine/Nevirapine/Zidovudine 150/200/300mg, tablets, 60 Tabs",Lamivudine/Nevirapine/Zidovudine,Generic,150/300/200mg,Tablet - FDC,60,87357,980145.54,11.22,0.19,Mylan (formerly Matrix) Nashik,No,See DN-2225 (ID#:84650),See DN-2225 (ID#:84650),1617.24
84765,114-UG-T30,FPQ-10357,SO-42900,DN-2921,Uganda,PMO - US,From RDC,N/A - From RDC,Truck,7/18/2012,N/A - From RDC,10-Dec-12,19-Nov-12,19-Nov-12,ARV,Adult,SCMS from RDC,"Lamivudine/Tenofovir Disoproxil Fumarate 300/300mg, tablets, 30 Tabs",Lamivudine/Tenofovir Disoproxil Fumarate,Generic,300/300mg,Tablet - FDC,30,22783,122116.88,5.36,0.18,Hetero Unit III Hyderabad IN,No,See DN-2921 (ID#:82527),See DN-2921 (ID#:82527),171.21
51016,133-NG-T30,FPQ-15504,SCMS-270770,ASN-31786,Nigeria,PMO - US,Direct Drop,EXW,Air,12/8/2014,3/13/2015,7-May-15,7-May-15,13-May-15,HRDT,HIV test,"Orgenics, Ltd","HIV 1/2, Determine Complete HIV Kit, 100 Tests","HIV 1/2, Determine Complete HIV Kit",Determine,,Test kit,100,6360,566040.0,89.0,0.89,"Alere Medical Co., Ltd.",Yes,2579,28759.53,666.23
72420,161-ZA-T30,FPQ-6708,SCMS-93550,ASN-10571,South Africa,PMO - US,Direct Drop,DDP,Ocean,11/26/2010,12/14/2010,13-Jun-11,13-Jun-11,13-Jun-11,ARV,Adult,Aurobindo Pharma Limited,"Tenofovir Disoproxil Fumarate 300mg, tablets, 30 Tabs",Tenofovir Disoproxil Fumarate,Generic,300mg,Tablet,30,21896,145608.4,6.65,0.22,"Aurobindo Unit III, India",Yes,2044,5768.66,240.25
83987,151-NG-T30,FPQ-4537,SO-35050,DN-1715,Nigeria,PMO - US,From RDC,N/A - From RDC,Air Charter,11/6/2009,N/A - From RDC,19-Apr-10,31-Mar-10,31-Mar-10,ARV,Adult,SCMS from RDC,"Lamivudine/Zidovudine 150/300mg, tablets, 60 Tabs",Lamivudine/Zidovudine,Generic,150/300mg,Tablet - FDC,60,5000,43800.0,8.76,0.15,"Aurobindo Unit III, India",Yes,452,Freight Included in Commodity Cost,94.43
76063,106-HT-T30,FPQ-11443,SCMS-180980,ASN-20515,Haiti,PMO - US,Direct Drop,EXW,Air,2/7/2013,3/22/2013,14-Aug-13,14-Aug-13,14-Aug-13,ARV,Pediatric,MYLAN LABORATORIES LTD (FORMERLY MATRIX LABORATORIES),"Lamivudine/Zidovudine 30/60mg, tablets, 60 Tabs",Lamivudine/Zidovudine,Generic,30/60mg,Tablet - FDC,60,3192,6703.2,2.1,0.04,Mylan (formerly Matrix) Nashik,Yes,157,2010.69,8.29
11393,110-ZM-T01,Pre-PQ Process,SO-498,DN-182,Zambia,PMO - US,From RDC,N/A - From RDC,,Pre-PQ Process,N/A - From RDC,14-Jun-07,14-Jun-07,14-Jun-07,ARV,Adult,SCMS from RDC,"Efavirenz 600mg, tablets, 30 Tabs",Efavirenz,Generic,600mg,Tablet,30,25874,420711.24,16.26,0.54,"Aurobindo Unit III, India",No,See DN-182 (ID#:10562),See DN-182 (ID#:10562),
84013,111-MZ-T30,FPQ-4473,SO-37050,DN-1891,Mozambique,PMO - US,From RDC,N/A - From RDC,Air,2/26/2009,N/A - From RDC,31-Aug-10,20-Jul-10,20-Jul-10,ARV,Adult,SCMS from RDC,"Nevirapine 200mg, tablets, 60 Tabs",Nevirapine,Generic,200mg,Tablet,60,3000,7980.0,2.66,0.04,"Strides, Bangalore, India.",Yes,210,1894.2,15.64
84681,104-CI-T30,FPQ-7659,SO-40090,DN-2419,Côte d'Ivoire,PMO - US,From RDC,N/A - From RDC,Air,5/3/2011,N/A - From RDC,20-Dec-11,19-Nov-11,19-Nov-11,ARV,Pediatric,SCMS from RDC,"Didanosine 200mg, chewable/dispersible tablets, 60 Tabs",Didanosine,Generic,200mg,Chewable/dispersible tablet,60,5184,77760.0,15.0,0.25,"Aurobindo Unit III, India",Yes,1103,3296.34,128.3
86471,151-NG-T30,FPQ-8952,SO-41921,DN-2646,Nigeria,PMO - US,From RDC,N/A - From RDC,Air Charter,12/8/2011,N/A - From RDC,20-Jun-12,30-Apr-12,30-Apr-12,ARV,Adult,SCMS from RDC,"Lamivudine/Tenofovir Disoproxil Fumarate 300/300mg, tablets, 30 Tabs",Lamivudine/Tenofovir Disoproxil Fumarate,Generic,300/300mg,Tablet - FDC,30,94153,521607.62,5.54,0.18,"Aurobindo Unit VII, IN",Yes,10684,27441.22,731.29
60357,105-SS-T30,FPQ-12623,SCMS-200910,ASN-22040,South Sudan,PMO - US,Direct Drop,EXW,Air,7/18/2013,8/5/2013,8-Nov-13,8-Nov-13,11-Nov-13,HRDT,HIV test - Ancillary,"Orgenics, Ltd","Chase Buffer, Determine, 100 Tests, 2.5ml x 1 Vial","Chase Buffer, Determine, 100 Tests, 2.5ml x 1 Vial",Determine,,Test kit - Ancillary,1,210,1050.0,5.0,5.0,"Alere Medical Co., Ltd.",No,See ASN-22040 (ID#:45178),See ASN-22040 (ID#:45178),1.3
86566,151-NG-T30,FPQ-11022,SO-43843,DN-3130,Nigeria,PMO - US,From RDC,N/A - From RDC,Air Charter,11/15/2012,N/A - From RDC,21-May-13,3-May-13,3-May-13,ARV,Adult,SCMS from RDC,"Lopinavir/Ritonavir 200/50mg, tablets, 120 Tabs",Lopinavir/Ritonavir,Generic,200/50mg,Tablet,120,50000,1089000.0,21.78,0.18,"Aurobindo Unit III, India",No,See DN-3130 (ID#:84252),See DN-3130 (ID#:84252),1347.09
51833,116-ZA-T30,FPQ-14942,SCMS-259079,ASN-33852,South Africa,PMO - US,Direct Drop,DDP,Truck,9/11/2014,10/9/2014,24-Aug-15,24-Aug-15,24-Aug-15,ARV,Pediatric,PHARMACY DIRECT,"Abacavir 20mg/ml, oral solution, Bottle, 240 ml",Abacavir,Generic,20mg/ml,Oral solution,240,26,493.97,19.0,0.08,"Aurobindo Unit III, India",No,Weight Captured Separately,Freight Included in Commodity Cost,0.51
52068,116-ZA-T30,FPQ-15269,SCMS-267020,ASN-29764,South Africa,PMO - US,Direct Drop,DDP,Truck,10/29/2014,12/10/2014,10-Dec-14,10-Dec-14,10-Dec-14,ARV,Adult,S. BUYS WHOLESALER,"Lamivudine 150mg [Epivir], tablets, 60 Tabs",Lamivudine,Epivir,150mg,Tablet,60,983,10106.64,10.28,0.17,GSK Cape Town Factory (South Africa),No,Weight Captured Separately,Freight Included in Commodity Cost,11.9
12379,111-MZ-T01,Pre-PQ Process,SO-502,DN-282,Mozambique,PMO - US,From RDC,N/A - From RDC,Air,Pre-PQ Process,N/A - From RDC,10-Oct-07,10-Oct-07,10-Oct-07,ARV,Pediatric,SCMS from RDC,"Zidovudine 10mg/ml, oral solution, Bottle, 240 ml",Zidovudine,Generic,10mg/ml,Oral solution,240,7750,30612.5,3.95,0.02,"Aurobindo Unit III, India",No,See DN-282 (ID#:11144),See DN-282 (ID#:11144),48.98
67562,109-TZ-T30,FPQ-10394,SCMS-156520,ASN-16036,Tanzania,PMO - US,Direct Drop,EXW,Air,7/26/2012,8/9/2012,27-Sep-12,27-Sep-12,27-Sep-12,ARV,Adult,Aurobindo Pharma Limited,"Lamivudine/Zidovudine 150/300mg, tablets, 60 Tabs",Lamivudine/Zidovudine,Generic,150/300mg,Tablet - FDC,60,37589,268761.35,7.15,0.12,"Aurobindo Unit III, India",Yes,3267,13180.76,376.8
78985,110-ZM-T30,FPQ-4141,SCMS-53261,ASN-5855,Zambia,PMO - US,Direct Drop,EXW,Air,8/31/2009,9/11/2009,28-Jan-10,27-Jan-10,27-Jan-10,HRDT,HIV test,"Orgenics, Ltd","HIV 1/2, Determine Complete HIV Kit, 100 Tests","HIV 1/2, Determine Complete HIV Kit",Determine,,Test kit,100,2282,164304.0,72.0,0.72,Inverness Japan,Yes,1106,16793.45,322.04
11118,104-CI-T01,Pre-PQ Process,SO-586,DN-194,Côte d'Ivoire,PMO - US,From RDC,N/A - From RDC,,Pre-PQ Process,N/A - From RDC,28-Jun-07,28-Jun-07,28-Jun-07,ARV,Adult,SCMS from RDC,"Abacavir 300mg, tablets, 60 Tabs",Abacavir,Generic,300mg,Tablet,60,2000,71600.0,35.8,0.6,"Aurobindo Unit III, India",No,See DN-194 (ID#:11117),See DN-194 (ID#:11117),114.56
11801,109-TZ-T01,Pre-PQ Process,SO-750,DN-390,Tanzania,PMO - US,From RDC,N/A - From RDC,Air,Pre-PQ Process,N/A - From RDC,4-Dec-07,4-Dec-07,4-Dec-07,HRDT,HIV test,SCMS from RDC,"HIV 1/2, Bioline 3.0 Kit, Lancets, Capillary pipets, Alcohol swabs included, 25 Tests","HIV 1/2, Bioline 3.0 Kit, Lancets, Capillary pipets, Alcohol swabs included",Bioline,,Test kit,25,9200,184000.0,20.0,0.8,"Standard Diagnostics, Korea",Yes,3327,13606.4,294.4
84441,106-HT-T30,FPQ-15610,SO-50590,DN-4090,Haiti,PMO - US,From RDC,N/A - From RDC,Air,12/17/2014,N/A - From RDC,30-Jan-15,13-Feb-15,16-Feb-15,ARV,Adult,SCMS from RDC,"Lopinavir/Ritonavir 200/50mg [Aluvia], tablets, 120 Tabs",Lopinavir/Ritonavir,Aluvia,200/50mg,Tablet,120,2000,37800.0,18.9,0.16,ABBVIE Ludwigshafen Germany,Yes,457,5413.7,44.49
74357,103-KE-T30,FPQ-10018,SCMS-149610,ASN-15668,Kenya,PMO - US,Direct Drop,EXW,Air,6/5/2012,6/14/2012,9-Jul-12,28-Jul-12,28-Jul-12,HRDT,HIV test,"Orgenics, Ltd","HIV 1/2, Determine Complete HIV Kit, 100 Tests","HIV 1/2, Determine Complete HIV Kit",Determine,,Test kit,100,6618,589002.0,89.0,0.89,"Alere Medical Co., Ltd.",Yes,1139,11827.07,825.78
86773,114-UG-T30,FPQ-14396,SO-49011,DN-4100,Uganda,PMO - US,From RDC,N/A - From RDC,Truck,6/4/2014,N/A - From RDC,6-Feb-15,30-Jan-15,2-Feb-15,ARV,Pediatric,SCMS from RDC,"Lamivudine/Nevirapine/Zidovudine 30/50/60mg, dispersible tablets, 60 Tabs",Lamivudine/Nevirapine/Zidovudine,Generic,30/50/60mg,Chewable/dispersible tablet - FDC,60,5000,18650.0,3.73,0.06,Mylan (formerly Matrix) Nashik,Yes,297,1326,19.17
51690,108-VN-T30,FPQ-8428,SCMS-123540,ASN-14321,Vietnam,PMO - US,Direct Drop,EXW,Air,9/21/2011,10/3/2011,16-Apr-12,16-Apr-12,16-Apr-12,ARV,Adult,MYLAN LABORATORIES LTD (FORMERLY MATRIX LABORATORIES),"Tenofovir Disoproxil Fumarate 300mg, tablets, 30 Tabs",Tenofovir Disoproxil Fumarate,Generic,300mg,Tablet,30,7146,39303.0,5.5,0.18,Mylan (formerly Matrix) Nashik,No,See ASN-14321 (ID#:18629),See ASN-14321 (ID#:18629),64.85
13004,111-MZ-T30,FPQ-15276,SCMS-263040,ASN-31553,Mozambique,PMO - US,Direct Drop,FCA,Air,10/28/2014,11/7/2014,15-Apr-15,15-Apr-15,15-Apr-15,ARV,Adult,ABBVIE LOGISTICS (FORMERLY ABBOTT LOGISTICS BV),"Ritonavir 100mg [Norvir], film coated tablets, 60 Tabs",Ritonavir,Norvir,100mg,Tablet,60,400,2740.0,6.85,0.11,ABBVIE Ludwigshafen Germany,Yes,62,642.99,3.22
40840,101-CD-T30,FPQ-14654,SCMS-253260,ASN-28279,"Congo, DRC",PMO - US,Direct Drop,EXW,Air,8/11/2014,8/27/2014,4-Nov-14,4-Nov-14,20-Nov-14,HRDT,HIV test,"Trinity Biotech, Plc","HIV 1/2, Uni-Gold HIV Kit, 20 Tests","HIV 1/2, Uni-Gold HIV Kit",Uni-Gold,,Test kit,20,89,2848.0,32.0,1.6,"Trinity Biotech, Plc",No,See ASN-28279 (ID#:13547),See ASN-28279 (ID#:13547),2.93
86791,101-CD-T30,FPQ-15787,SO-50910,DN-4195,"Congo, DRC",PMO - US,From RDC,N/A - From RDC,Air,1/26/2015,N/A - From RDC,6-May-15,6-Jul-15,6-Jul-15,ARV,Pediatric,SCMS from RDC,"Lamivudine/Zidovudine 30/60mg, dispersible tablets, 60 Tabs",Lamivudine/Zidovudine,Generic,30/60mg,Chewable/dispersible tablet - FDC,60,490,955.5,1.95,0.03,"Mylan,  H-12 & H-13, India",No,See DN-4195 (ID#:83324),See DN-4195 (ID#:83324),1.12
9952,104-CI-T01,Pre-PQ Process,SCMS-29340,ASN-2921,Côte d'Ivoire,PMO - US,Direct Drop,EXW,Air,Pre-PQ Process,9/3/2008,23-Jan-09,23-Jan-09,23-Jan-09,ACT,ACT,IDA FOUNDATION,"Artesunate+Amodiaquine 50+153mg, tablets, co-blister 12+12 Tabs",Artesunate+Amodiaquine,Generic,50+153mg,Tablet - FDC + co-blister,24,20000,14000.0,0.7,0.03,Ipca Dadra/Nagar Haveli IN,No,See ASN-2921 (ID#:719),See ASN-2921 (ID#:719),27.44
46468,161-ZA-T30,FPQ-7175,SCMS-103910,ASN-11194,South Africa,PMO - US,Direct Drop,DDP,Ocean,3/10/2011,3/28/2011,6-Sep-11,6-Sep-11,6-Sep-11,ARV,Adult,STRIDES ARCOLAB LIMITED,"Lamivudine 150mg, tablets, 60 Tabs",Lamivudine,Generic,150mg,Tablet,60,515000,1251450.0,2.43,0.04,"Strides, Bangalore, India.",Yes,Weight Captured Separately,Freight Included in Commodity Cost,2064.89
47722,116-ZA-T30,FPQ-14942,SCMS-259079,ASN-33851,South Africa,PMO - US,Direct Drop,DDP,Truck,9/11/2014,10/9/2014,24-Aug-15,24-Aug-15,24-Aug-15,ARV,Adult,PHARMACY DIRECT,"Emtricitabine/Tenofovir Disoproxil Fumarate 200/300mg, tablets, 30 Tabs",Emtricitabine/Tenofovir Disoproxil Fumarate,Generic,200/300mg,Tablet - FDC,30,10,234.38,23.44,0.78,"Aurobindo Unit III, India",No,Weight Captured Separately,Freight Included in Commodity Cost,0.24
11581,106-HT-T01,Pre-PQ Process,SO-15970,DN-1022,Haiti,PMO - US,From RDC,N/A - From RDC,Air,Pre-PQ Process,N/A - From RDC,10-Dec-08,10-Dec-08,10-Dec-08,ARV,Pediatric,SCMS from RDC,"Lamivudine 10mg/ml, oral solution, Bottle, 240 ml",Lamivudine,Generic,10mg/ml,Oral solution,240,1595,3030.5,1.9,0.01,"Aurobindo Unit III, India",Yes,598,6338.09,5.94
85843,109-TZ-T30,FPQ-8303,SO-40491,DN-2592,Tanzania,PMO - US,From RDC,N/A - From RDC,Truck,8/22/2011,N/A - From RDC,8-May-12,11-Apr-12,11-Apr-12,ARV,Pediatric,SCMS from RDC,"Lamivudine/Nevirapine/Zidovudine 30/50/60mg, dispersible tablets, 60 Tabs",Lamivudine/Nevirapine/Zidovudine,Generic,30/50/60mg,Chewable/dispersible tablet - FDC,60,5603,23812.75,4.25,0.07,Mylan (formerly Matrix) Nashik,Yes,316,3279.25,39.29
84660,111-MZ-T30,FPQ-7053,SO-38660,DN-2269,Mozambique,PMO - US,From RDC,N/A - From RDC,Truck,1/24/2011,N/A - From RDC,31-Aug-11,1-Sep-11,1-Sep-11,ARV,Adult,SCMS from RDC,"Lamivudine/Zidovudine 150/300mg, tablets, 60 Tabs",Lamivudine/Zidovudine,Generic,150/300mg,Tablet - FDC,60,39636,338887.8,8.55,0.14,"Aurobindo Unit III, India",Yes,3666,3525.04,559.16
3616,108-VN-T01,Pre-PQ Process,SCMS-37160,ASN-3561,Vietnam,PMO - US,Direct Drop,EXW,Air,Pre-PQ Process,1/16/2009,7-Apr-09,7-Apr-09,7-Apr-09,ARV,Adult,Aurobindo Pharma Limited,"Lamivudine/Nevirapine/Zidovudine 150/200/300mg, tablets, 60 Tabs",Lamivudine/Nevirapine/Zidovudine,Generic,150/300/200mg,Tablet - FDC,60,300,3345.0,11.15,0.19,"Aurobindo Unit III, India",No,See ASN-3561 (ID#:2297),See ASN-3561 (ID#:2297),6.56
12492,110-ZM-T01,Pre-PQ Process,SO-1806,DN-625,Zambia,PMO - US,From RDC,N/A - From RDC,,Pre-PQ Process,N/A - From RDC,28-Mar-08,28-Mar-08,28-Mar-08,ARV,Adult,SCMS from RDC,"Nevirapine 200mg, tablets, 60 Tabs",Nevirapine,Generic,200mg,Tablet,60,40000,136000.0,3.4,0.06,Hetero Unit III Hyderabad IN,No,See DN-625 (ID#:10956),See DN-625 (ID#:10956),217.6
26250,102-KE-T30,FPQ-3976,SCMS-52791,ASN-4981,Kenya,PMO - US,Direct Drop,EXW,Air,7/20/2009,9/3/2009,13-Oct-09,13-Oct-09,13-Oct-09,HRDT,HIV test,"Trinity Biotech, Plc","HIV 1/2, Uni-Gold HIV Kit, 20 Tests","HIV 1/2, Uni-Gold HIV Kit",Uni-Gold,,Test kit,20,2000,64000.0,32.0,1.6,"Trinity Biotech, Plc",Yes,682,7258.89,125.44
78532,102-BW-T30,FPQ-6645,SCMS-92600,ASN-9740,Botswana,PMO - US,Direct Drop,EXW,Air,11/11/2010,12/2/2010,2-Mar-11,2-Mar-11,2-Mar-11,HRDT,HIV test,"Standard Diagnostics, Inc.","HIV 1/2, Bioline 3.0 Kit, Lancets, Capillary pipets, Alcohol swabs included, 25 Tests","HIV 1/2, Bioline 3.0 Kit, Lancets, Capillary pipets, Alcohol swabs included",Bioline,,Test kit,25,40,800.0,20.0,0.8,"Standard Diagnostics, Korea",Yes,14,706.18,1.32
84267,151-NG-T30,FPQ-11022,SO-45202,DN-3189,Nigeria,PMO - US,From RDC,N/A - From RDC,Air Charter,11/15/2012,N/A - From RDC,21-May-13,29-May-13,29-May-13,ARV,Adult,SCMS from RDC,"Nevirapine 200mg, tablets, 60 Tabs",Nevirapine,Generic,200mg,Tablet,60,109238,246877.88,2.26,0.04,"Aurobindo Unit III, India",Yes,11763,20761,305.39
84433,114-UG-T30,FPQ-14396,SO-48993,DN-4041,Uganda,PMO - US,From RDC,N/A - From RDC,Truck,6/4/2014,N/A - From RDC,16-Feb-15,24-Jan-15,3-Feb-15,ARV,Pediatric,SCMS from RDC,"Abacavir/Lamivudine 60/30mg, tablets, 60 Tabs",Abacavir/Lamivudine,Generic,60/30mg,Tablet - FDC,60,2368,9685.12,4.09,0.07,"Aurobindo Unit III, India",No,See DN-4041 (ID#:83291),See DN-4041 (ID#:83291),9.96
52999,104-CI-T30,FPQ-5022,SCMS-64530,ASN-6101,Côte d'Ivoire,PMO - US,Direct Drop,EXW,Air,2/2/2010,2/3/2010,5-Mar-10,5-Mar-10,5-Mar-10,ARV,Adult,Aurobindo Pharma Limited,"Abacavir/Lamivudine 600/300mg, scored tablets, 30 Tabs",Abacavir/Lamivudine,Generic,600/300mg,Tablet - FDC,30,1461,29950.5,20.5,0.68,"Aurobindo Unit III, India",Yes,154780,1664.12,64.57
9090,106-HT-T01,Pre-PQ Process,SCMS-42700,ASN-4005,Haiti,PMO - US,Direct Drop,EXW,Air,Pre-PQ Process,4/2/2009,3-Jun-09,3-Jun-09,3-Jun-09,HRDT,HIV test,Orasure Technologies Inc.,"HIV 1/2, OraQuick Advance HIV Rapid Antibody Kit, 100 Tests","HIV 1/2, OraQuick Advance HIV Rapid Antibody Kit",OraQuick,,Test kit,100,55,19250.0,350.0,3.5,"Pacific Biotech, Thailand",Yes,132,3013.19,37.73
83435,104-CI-T30,FPQ-4659,SO-35590,DN-1868,Côte d'Ivoire,PMO - US,From RDC,N/A - From RDC,Air,12/8/2009,N/A - From RDC,30-Jun-10,21-Jun-10,21-Jun-10,ARV,Adult,SCMS from RDC,"Lamivudine/Nevirapine/Zidovudine 150/200/300mg, tablets, 60 Tabs",Lamivudine/Nevirapine/Zidovudine,Generic,150/300/200mg,Tablet - FDC,60,50000,561000.0,11.22,0.19,"Aurobindo Unit III, India",Yes,5997,8379.98,1209.52
85493,111-MZ-T30,FPQ-14226,SO-48883,DN-3875,Mozambique,PMO - US,From RDC,N/A - From RDC,Truck,5/2/2014,N/A - From RDC,31-Dec-14,30-Oct-14,7-Nov-14,ARV,Adult,SCMS from RDC,"Efavirenz 600mg, tablets, 30 Tabs",Efavirenz,Generic,600mg,Tablet,30,1040,3338.4,3.21,0.11,"Strides, Bangalore, India.",No,See DN-3875 (ID#:83255),See DN-3875 (ID#:83255),3.43
83407,151-NG-T30,FPQ-4537,SO-35075,DN-1690,Nigeria,PMO - US,From RDC,N/A - From RDC,Air Charter,11/6/2009,N/A - From RDC,19-Apr-10,31-Mar-10,31-Mar-10,ARV,Adult,SCMS from RDC,"Emtricitabine/Tenofovir Disoproxil Fumarate 200/300mg, tablets, 30 Tabs",Emtricitabine/Tenofovir Disoproxil Fumarate,Generic,200/300mg,Tablet - FDC,30,11807,138732.25,11.75,0.39,Mylan (formerly Matrix) Nashik,Yes,952,Freight Included in Commodity Cost,299.11
84590,102-UG-T30,FPQ-6202,SO-37260,DN-1998,Uganda,PMO - US,From RDC,N/A - From RDC,Air,8/6/2010,N/A - From RDC,30-Sep-10,23-Aug-10,23-Aug-10,ARV,Adult,SCMS from RDC,"Lamivudine/Zidovudine 150/300mg, tablets, 60 Tabs",Lamivudine/Zidovudine,Generic,150/300mg,Tablet - FDC,60,26991,230773.05,8.55,0.14,"Aurobindo Unit III, India",No,See DN-1998 (ID#:84589),See DN-1998 (ID#:84589),497.55
21076,101-KE-T30,FPQ-11883,SCMS-184970,ASN-20150,Kenya,PMO - US,Direct Drop,EXW,Air,3/25/2013,5/15/2013,5-Aug-13,5-Aug-13,5-Aug-13,HRDT,HIV test,Premier Medical Corporation Ltd.,"HIV 1/2/O, First Response HIV 1-2.0, v.3.0 Cards Kit, 30 Tests","HIV 1/2/O, First Response HIV 1-2.0, v.3.0 Cards Kit",First Response,,Test kit,30,6667,146674.0,22.0,0.73,Premier Med. Corp Ltd. India,Yes,2020,10682.41,181.44
14508,113-ZW-T30,FPQ-7521,SCMS-108030,ASN-11413,Zimbabwe,PMO - US,Direct Drop,EXW,Air,4/7/2011,5/5/2011,8-Sep-11,8-Sep-11,8-Sep-11,HRDT,HIV test,"Orgenics, Ltd","HIV 1/2, Determine Complete HIV Kit, 100 Tests","HIV 1/2, Determine Complete HIV Kit",Determine,,Test kit,100,2730,218400.0,80.0,0.8,Inverness Japan,Yes,1053,27236.25,360.36
82986,113-ZW-T30,FPQ-7934,SO-40283,DN-2397,Zimbabwe,PMO - US,From RDC,N/A - From RDC,Truck,6/28/2011,N/A - From RDC,21-Nov-11,21-Nov-11,21-Nov-11,ARV,Adult,SCMS from RDC,"Nevirapine 200mg, tablets, 60 Tabs",Nevirapine,Generic,200mg,Tablet,60,55800,140058.0,2.51,0.04,Mylan (formerly Matrix) Nashik,Yes,5598,11154.87,231.1
82306,151-NG-T30,FPQ-4537,SO-35070,DN-1727,Nigeria,PMO - US,From RDC,N/A - From RDC,Air Charter,11/6/2009,N/A - From RDC,19-Apr-10,31-Mar-10,31-Mar-10,ARV,Adult,SCMS from RDC,"Emtricitabine/Tenofovir Disoproxil Fumarate 200/300mg, tablets, 30 Tabs",Emtricitabine/Tenofovir Disoproxil Fumarate,Generic,200/300mg,Tablet - FDC,30,3598,42276.5,11.75,0.39,Mylan (formerly Matrix) Nashik,Yes,290,Freight Included in Commodity Cost,91.15
10891,110-ZM-T01,Pre-PQ Process,SO-535,DN-380,Zambia,PMO - US,From RDC,N/A - From RDC,,Pre-PQ Process,N/A - From RDC,17-Oct-07,17-Oct-07,17-Oct-07,HRDT,HIV test,SCMS from RDC,"HIV 1/2, Determine HIV Kit, without Lancets, 100 Tests","HIV 1/2, Determine HIV Kit, without Lancets",Determine,,Test kit,100,872,62775.28,71.99,0.72,Inverness Japan,No,See DN-380 (ID#:10622),See DN-380 (ID#:10622),100.44
67069,116-ZA-T30,FPQ-3560,SCMS-49660,ASN-5048,South Africa,PMO - US,Direct Drop,DDP,Truck,5/7/2009,7/21/2009,12-Aug-09,12-Aug-09,12-Aug-09,ARV,Adult,S. BUYS WHOLESALER,"Ritonavir 100mg [Norvir], capsules, cool, 84 Caps",Ritonavir,Norvir,100mg,Capsule,84,329,3345.72,10.17,0.12,ABBVIE (Abbott) Logis. UK,Yes,Weight Captured Separately,Freight Included in Commodity Cost,6.56
84988,103-ZW-T30,FPQ-14459,SO-49181,DN-3973,Zimbabwe,PMO - US,From RDC,N/A - From RDC,Truck,6/13/2014,N/A - From RDC,24-Nov-14,30-Oct-14,7-Nov-14,ARV,Pediatric,SCMS from RDC,"Lamivudine/Zidovudine 30/60mg, dispersible tablets, 60 Tabs",Lamivudine/Zidovudine,Generic,30/60mg,Chewable/dispersible tablet - FDC,60,15000,29850.0,1.99,0.03,"Cipla, Goa, India",Yes,1037,891.65,30.69
82756,104-CI-T30,FPQ-13628,SO-47912,DN-4024,Côte d'Ivoire,PMO - US,From RDC,N/A - From RDC,Truck,1/29/2014,N/A - From RDC,30-Jan-15,11-Feb-15,16-Feb-15,ARV,Pediatric,SCMS from RDC,"Zidovudine 10mg/ml, oral solution w/syringe, Bottle, 240 ml",Zidovudine,Generic,10mg/ml,Oral solution,240,4000,7960.0,1.99,0.01,"Aurobindo Unit III, India",Yes,10413,39599.1,8.18
83150,114-UG-T30,FPQ-12473,SO-45880,DN-3263,Uganda,PMO - US,From RDC,N/A - From RDC,Air,6/11/2013,N/A - From RDC,27-Sep-13,27-Sep-13,27-Sep-13,ARV,Adult,SCMS from RDC,"Lamivudine/Tenofovir Disoproxil Fumarate 300/300mg, tablets, 30 Tabs",Lamivudine/Tenofovir Disoproxil Fumarate,Generic,300/300mg,Tablet - FDC,30,34385,161609.5,4.7,0.16,Hetero Unit III Hyderabad IN,Yes,11594,85414.3,199.91
32471,109-TZ-T30,FPQ-3782,SCMS-47770,ASN-5364,Tanzania,PMO - US,Direct Drop,CIP,Air,6/11/2009,6/29/2009,27-Nov-09,27-Nov-09,27-Nov-09,ARV,Adult,BRISTOL-MYERS SQUIBB,"Didanosine EC 400mg [Videx EC], delayed-release capsules, Blister 3 x 10 Caps",Didanosine EC,Videx EC,400mg,Delayed-release capsules - blister,30,15619,369701.73,23.67,0.79,"BMS Meymac, France",No,See ASN-5364 (ID#:16097),See ASN-5364 (ID#:16097),724.62
72597,116-ZA-T30,FPQ-14942,SCMS-259072,ASN-30377,South Africa,PMO - US,Direct Drop,DDP,Truck,9/11/2014,1/26/2015,26-Jan-15,26-Jan-15,26-Jan-15,ARV,Adult,PHARMACY DIRECT,"Nevirapine 200mg, tablets, 60 Tabs",Nevirapine,Generic,200mg,Tablet,60,22,282.13,12.82,0.21,"Aurobindo Unit III, India",No,Weight Captured Separately,Freight Included in Commodity Cost,0.29
86552,151-NG-T30,FPQ-10477,SO-43047,DN-3027,Nigeria,PMO - US,From RDC,N/A - From RDC,Air Charter,8/9/2012,N/A - From RDC,15-Mar-13,25-Feb-13,25-Feb-13,ARV,Adult,SCMS from RDC,"Emtricitabine/Tenofovir Disoproxil Fumarate 200/300mg, tablets, 30 Tabs",Emtricitabine/Tenofovir Disoproxil Fumarate,Generic,200/300mg,Tablet - FDC,30,52546,318954.22,6.07,0.2,Hetero Unit III Hyderabad IN,No,See DN-3027 (ID#:86551),See DN-3027 (ID#:86551),447.17
58311,104-CI-T30,FPQ-11263,SCMS-174550,ASN-18832,Côte d'Ivoire,PMO - US,Direct Drop,FCA,Air,12/14/2012,1/24/2013,24-Apr-13,24-Apr-13,24-Apr-13,ARV,Pediatric,ABBVIE LOGISTICS (FORMERLY ABBOTT LOGISTICS BV),"Lopinavir/Ritonavir 80/20mg/ml [Kaletra], oral solution, cool, Bottle 5 x 60 ml",Lopinavir/Ritonavir,Kaletra,80/20mg/ml,Oral solution,300,520,16026.4,30.82,0.1,ABBVIE (Abbott) Logis. UK,Yes,242,5257.72,19.82
82990,107-RW-T30,FPQ-8372,SO-40960,DN-2429,Rwanda,PMO - US,From RDC,N/A - From RDC,Air,10/19/2011,N/A - From RDC,24-Nov-11,11-Nov-11,11-Nov-11,ARV,Pediatric,SCMS from RDC,"Efavirenz 50mg, capsule, 30 Caps",Efavirenz,Generic,50mg,Capsule,30,500,1120.0,2.24,0.07,"Aurobindo Unit III, India",Yes,30,1309.03,1.85
17825,133-NG-T30,FPQ-14305,SCMS-240830,ASN-27476,Nigeria,PMO - US,Direct Drop,EXW,Air,5/16/2014,6/2/2014,19-Aug-14,2-Sep-14,17-Sep-14,HRDT,HIV test,"Orgenics, Ltd","HIV 1/2, Determine Complete HIV Kit, 100 Tests","HIV 1/2, Determine Complete HIV Kit",Determine,,Test kit,100,4987,443843.0,89.0,0.89,"Alere Medical Co., Ltd.",Yes,2022,30257.97,456.27
30982,107-RW-T30,FPQ-8263,SCMS-119641,ASN-13528,Rwanda,PMO - US,Direct Drop,EXW,Air,8/19/2011,8/29/2011,13-Feb-12,13-Feb-12,13-Feb-12,HRDT,HIV test,"Orgenics, Ltd","HIV 1/2, Determine HIV Kit, without Lancets, 100 Tests","HIV 1/2, Determine HIV Kit, without Lancets",Determine,,Test kit,100,6000,466200.0,77.7,0.78,Inverness Japan,Yes,1362,62458.88,769.23
86203,151-NG-T30,FPQ-14989,SO-51421,DN-4273,Nigeria,PMO - US,From RDC,N/A - From RDC,Air Charter,9/19/2014,N/A - From RDC,30-Jun-15,15-May-15,22-May-15,ARV,Adult,SCMS from RDC,"Efavirenz/Lamivudine/Tenofovir Disoproxil Fumarate 600/300/300mg, tablets, 30 Tabs",Efavirenz/Lamivudine/Tenofovir Disoproxil Fumarate,Generic,600/300/300mg,Tablet - FDC,30,134991,1295913.6,9.6,0.32,"Aurobindo Unit VII, IN",Yes,26861,53937,1332.2
12218,102-KE-T01,Pre-PQ Process,SO-11430,DN-964,Kenya,PMO - US,From RDC,N/A - From RDC,Truck,Pre-PQ Process,N/A - From RDC,21-Oct-08,21-Oct-08,21-Oct-08,HRDT,HIV test,SCMS from RDC,"HIV 1/2, Determine HIV Kit, without Lancets, 100 Tests","HIV 1/2, Determine HIV Kit, without Lancets",Determine,,Test kit,100,5000,399950.0,79.99,0.8,Inverness Japan,No,See DN-964 (ID#:10987),See DN-964 (ID#:10987),783.9
69301,108-VN-T30,FPQ-15823,SCMS-277270,ASN-33526,Vietnam,PMO - US,Direct Drop,FCA,Air,2/13/2015,3/4/2015,14-Sep-15,14-Sep-15,14-Sep-15,ARV,Adult,ABBVIE LOGISTICS (FORMERLY ABBOTT LOGISTICS BV),"Lopinavir/Ritonavir 200/50mg [Aluvia], tablets, 120 Tabs",Lopinavir/Ritonavir,Aluvia,200/50mg,Tablet,120,4500,273600.0,60.8,0.51,ABBVIE Ludwigshafen Germany,No,See ASN-33526 (ID#:32150),See ASN-33526 (ID#:32150),322.03
32064,104-CI-T30,FPQ-6183,SCMS-83692,ASN-11129,Côte d'Ivoire,PMO - US,Direct Drop,CIP,Air,8/10/2010,9/10/2010,1-Jul-11,1-Jul-11,1-Jul-11,ARV,Adult,MERCK SHARP & DOHME IDEA GMBH (FORMALLY MERCK SHARP & DOHME B.V.),"Efavirenz/Emtricitabine/Tenofovir Disoproxil Fumarate 600/200/300mg [Atripla], tablets, 30 Tabs",Efavirenz/Emtricitabine/Tenofovir Disoproxil Fumarate,Atripla,600/200/300mg,Tablet - FDC,30,6100,307440.0,50.4,1.68,"MSD, Haarlem, NL",Yes,928,2093.32,662.84
68481,104-CI-T30,FPQ-11294,SCMS-173131,ASN-19634,Côte d'Ivoire,PMO - US,Direct Drop,EXW,Air,12/14/2012,1/15/2013,4-Jun-13,4-Jun-13,4-Jun-13,HRDT,HIV test,"Orgenics, Ltd","HIV 1/2, Determine Complete HIV Kit, 100 Tests","HIV 1/2, Determine Complete HIV Kit",Determine,,Test kit,100,601,48080.0,80.0,0.8,"Alere Medical Co., Ltd.",Yes,264,36428.24,59.47
84811,114-UG-T30,FPQ-10946,SO-43650,DN-3121,Uganda,PMO - US,From RDC,N/A - From RDC,Air,11/1/2012,N/A - From RDC,9-Aug-13,9-Aug-13,9-Aug-13,ARV,Adult,SCMS from RDC,"Lamivudine/Tenofovir Disoproxil Fumarate 300/300mg, tablets, 30 Tabs",Lamivudine/Tenofovir Disoproxil Fumarate,Generic,300/300mg,Tablet - FDC,30,1613,7581.1,4.7,0.16,"Aurobindo Unit VII, IN",No,See DN-3121 (ID#:83677),See DN-3121 (ID#:83677),9.38
35123,133-NG-T30,FPQ-12456,SCMS-196561,ASN-22173,Nigeria,PMO - US,Direct Drop,EXW,Air,6/10/2013,7/10/2013,7-Nov-13,8-Nov-13,17-Nov-13,HRDT,HIV test,"Orgenics, Ltd","HIV 1/2, Determine Complete HIV Kit, 100 Tests","HIV 1/2, Determine Complete HIV Kit",Determine,,Test kit,100,3064,272696.0,89.0,0.89,"Alere Medical Co., Ltd.",Yes,1244,20602.3,337.32
6438,116-ZA-T01,Pre-PQ Process,SCMS-47500,ASN-4332,South Africa,PMO - US,Direct Drop,DDP,Truck,Pre-PQ Process,4/2/2009,15-May-09,23-Apr-09,23-Apr-09,ARV,Pediatric,S. BUYS WHOLESALER,"Stavudine 1mg/ml, powder for oral solution, 200 ml",Stavudine,Generic,1mg/ml,Oral solution,200,400,832.0,2.08,0.01,"Aurobindo Unit III, India",No,See ASN-4332 (ID#:1115),See ASN-4332 (ID#:1115),1.63
85890,113-ZW-T30,FPQ-8464,SO-40900,DN-2804,Zimbabwe,PMO - US,From RDC,N/A - From RDC,Truck,10/4/2011,N/A - From RDC,11-Dec-12,4-Sep-12,4-Sep-12,ARV,Adult,SCMS from RDC,"Lamivudine/Tenofovir Disoproxil Fumarate 300/300mg, tablets, 30 Tabs",Lamivudine/Tenofovir Disoproxil Fumarate,Generic,300/300mg,Tablet - FDC,30,33201,177957.36,5.36,0.18,Hetero Unit III Hyderabad IN,No,See DN-2804 (ID#:82499),See DN-2804 (ID#:82499),293.63
83914,103-SS-T30,FPQ-16212,SO-51450,DN-4287,South Sudan,PMO - US,From RDC,N/A - From RDC,Air,4/15/2015,N/A - From RDC,28-Jul-15,19-Jun-15,23-Jun-15,ARV,Adult,SCMS from RDC,"Efavirenz/Lamivudine/Tenofovir Disoproxil Fumarate 600/300/300mg, tablets, 30 Tabs",Efavirenz/Lamivudine/Tenofovir Disoproxil Fumarate,Generic,600/300/300mg,Tablet - FDC,30,56400,541440.0,9.6,0.32,Mylan (formerly Matrix) Nashik,Yes,Weight Captured Separately,Invoiced Separately,637.27
11925,109-TZ-T01,Pre-PQ Process,SO-1697,DN-893,Tanzania,PMO - US,From RDC,N/A - From RDC,,Pre-PQ Process,N/A - From RDC,15-Sep-08,15-Sep-08,15-Sep-08,ARV,Pediatric,SCMS from RDC,"Didanosine 100mg, chewable/dispersible tablets, 60 Tabs",Didanosine,Generic,100mg,Chewable/dispersible tablet,60,11640,90210.0,7.75,0.13,"Aurobindo Unit III, India",No,See DN-893 (ID#:11596),See DN-893 (ID#:11596),144.34
83915,A01-SN-T50,FPQ-15899,SO-51380,DN-4293,Senegal,PMO - US,From RDC,N/A - From RDC,Air,2/19/2015,N/A - From RDC,22-Jun-15,25-Jun-15,25-Jun-15,ARV,Adult,SCMS from RDC,"Lopinavir/Ritonavir 200/50mg [Aluvia], tablets, 120 Tabs",Lopinavir/Ritonavir,Aluvia,200/50mg,Tablet,120,100,1864.0,18.64,0.16,ABBVIE Ludwigshafen Germany,Yes,21,632.63,2.19
42655,102-KE-T30,FPQ-4591,SCMS-58381,ASN-7200,Kenya,PMO - US,Direct Drop,EXW,Air,11/18/2009,12/2/2009,7-Jul-10,8-Jul-10,8-Jul-10,HRDT,HIV test,"Orgenics, Ltd","HIV 1/2, Determine Complete HIV Kit, 100 Tests","HIV 1/2, Determine Complete HIV Kit",Determine,,Test kit,100,6636,530880.0,80.0,0.8,Inverness Japan,Yes,1036,11163.27,1144.58
84790,113-ZW-T30,FPQ-10632,SO-43210,DN-3030,Zimbabwe,PMO - US,From RDC,N/A - From RDC,Truck,9/11/2012,N/A - From RDC,14-Mar-13,14-Mar-13,14-Mar-13,ARV,Adult,SCMS from RDC,"Nevirapine 200mg, tablets, 60 Tabs",Nevirapine,Generic,200mg,Tablet,60,176693,399326.18,2.26,0.04,Hetero Unit III Hyderabad IN,No,See DN-3030 (ID#:82549),See DN-3030 (ID#:82549),559.86
83524,900-GH-T30,FPQ-7866,SO-40010,DN-2321,Ghana,PMO - US,From RDC,N/A - From RDC,Air,6/13/2011,N/A - From RDC,6-Sep-11,11-Aug-11,11-Aug-11,ARV,Adult,SCMS from RDC,"Nevirapine 200mg, tablets, 60 Tabs",Nevirapine,Generic,200mg,Tablet,60,45084,113160.84,2.51,0.04,"Strides, Bangalore, India.",Yes,2698,12676.4,186.72
84783,151-NG-T30,FPQ-10477,SO-43042,DN-2994,Nigeria,PMO - US,From RDC,N/A - From RDC,Air Charter,8/9/2012,N/A - From RDC,11-Feb-13,11-Feb-13,11-Feb-13,ARV,Adult,SCMS from RDC,"Emtricitabine/Tenofovir Disoproxil Fumarate 200/300mg, tablets, 30 Tabs",Emtricitabine/Tenofovir Disoproxil Fumarate,Generic,200/300mg,Tablet - FDC,30,8326,53119.88,6.38,0.21,"Aurobindo Unit III, India",No,See DN-2994 (ID#:82541),See DN-2994 (ID#:82541),74.47
50498,116-ZA-T30,FPQ-15269,SCMS-267020,ASN-29764,South Africa,PMO - US,Direct Drop,DDP,Truck,10/29/2014,12/10/2014,10-Dec-14,10-Dec-14,10-Dec-14,ARV,Pediatric,S. BUYS WHOLESALER,"Lamivudine 10mg/ml, oral solution, Bottle, 240 ml",Lamivudine,Generic,10mg/ml,Oral solution,240,36,228.01,6.33,0.03,"Aurobindo Unit III, India",No,Weight Captured Separately,Freight Included in Commodity Cost,0.27
84285,110-ZM-T30,FPQ-11553,SO-44460,DN-3299,Zambia,PMO - US,From RDC,N/A - From RDC,Truck,1/28/2013,N/A - From RDC,16-Sep-13,23-Sep-13,23-Sep-13,ARV,Pediatric,SCMS from RDC,"Efavirenz 200mg, scored tablets, 90 Tabs",Efavirenz,Generic,200mg,Tablet,90,10000,73000.0,7.3,0.08,"Strides, Bangalore, India.",Yes,684,1026.49,90.3
85067,154-NG-T30,FPQ-3815,SO-32260,DN-1452,Nigeria,PMO - US,From RDC,N/A - From RDC,Air Charter,5/26/2009,N/A - From RDC,30-Oct-09,20-Oct-09,20-Oct-09,ARV,Adult,SCMS from RDC,"Zidovudine 300mg, tablets, 60 Tabs",Zidovudine,Generic,300mg,Tablet,60,28,210.84,7.53,0.13,"Aurobindo Unit III, India",No,See DN-1452 (ID#:82272),See DN-1452 (ID#:82272),0.41
83392,114-UG-T30,FPQ-4497,SO-34840,DN-1598,Uganda,PMO - US,From RDC,N/A - From RDC,Air,10/28/2009,N/A - From RDC,17-Feb-10,23-Dec-09,23-Dec-09,ARV,Adult,SCMS from RDC,"Lamivudine 150mg, tablets, 60 Tabs",Lamivudine,Generic,150mg,Tablet,60,250,610.0,2.44,0.04,"Aurobindo Unit III, India",Yes,113,3504.8,1.32
84525,105-GY-T30,FPQ-4915,SO-35700,DN-1637,Guyana,PMO - US,From RDC,N/A - From RDC,Air,1/14/2010,N/A - From RDC,26-Feb-10,9-Feb-10,9-Feb-10,ARV,Adult,SCMS from RDC,"Zidovudine 300mg, tablets, 60 Tabs",Zidovudine,Generic,300mg,Tablet,60,1063,8004.39,7.53,0.13,"Aurobindo Unit III, India",No,See DN-1637 (ID#:84524),See DN-1637 (ID#:84524),17.26
86426,104-CI-T30,FPQ-8363,SO-40821,DN-2448,Côte d'Ivoire,PMO - US,From RDC,N/A - From RDC,Truck,8/29/2011,N/A - From RDC,2-Mar-12,5-Dec-11,5-Dec-11,ARV,Adult,SCMS from RDC,"Efavirenz 600mg, tablets, 30 Tabs",Efavirenz,Generic,600mg,Tablet,30,20076,84720.72,4.22,0.14,"Strides, Bangalore, India.",Yes,1223,3526.27,139.79
3615,108-VN-T01,Pre-PQ Process,SCMS-37210,ASN-3631,Vietnam,PMO - US,Direct Drop,EXW,Air,Pre-PQ Process,1/16/2009,11-Apr-09,11-Apr-09,11-Apr-09,ARV,Adult,MYLAN LABORATORIES LTD (FORMERLY MATRIX LABORATORIES),"Zidovudine 300mg, tablets, 60 Tabs",Zidovudine,Generic,300mg,Tablet,60,336,2520.0,7.5,0.12,Mylan (formerly Matrix) Nashik,Yes,18,2525.73,4.94
12270,104-CI-T01,Pre-PQ Process,SO-970,DN-1163,Côte d'Ivoire,PMO - US,From RDC,N/A - From RDC,Air,Pre-PQ Process,N/A - From RDC,23-Mar-09,23-Mar-09,23-Mar-09,ARV,Pediatric,SCMS from RDC,"Lopinavir/Ritonavir 80/20mg/ml [Kaletra], oral solution, cool, Bottle 5 x 60 ml",Lopinavir/Ritonavir,Kaletra,80/20mg/ml,Oral solution,300,126,5178.6,41.1,0.14,ABBVIE (Abbott) Logis. UK,No,See DN-1163 (ID#:11030),See DN-1163 (ID#:11030),10.15
22477,901-NA-T30,FPQ-14728,SCMS-252640,ASN-28482,Namibia,PMO - US,Direct Drop,EXW,Air,7/30/2014,8/14/2014,22-Oct-14,22-Oct-14,22-Oct-14,ARV,Adult,HETERO LABS LIMITED,"Lamivudine/Tenofovir Disoproxil Fumarate 300/300mg, tablets, 30 Tabs",Lamivudine/Tenofovir Disoproxil Fumarate,Generic,300/300mg,Tablet - FDC,30,24672,113984.64,4.62,0.15,Hetero Unit III Hyderabad IN,Yes,2631,12463.74,117.18
10544,112-NG-T01,Pre-PQ Process,SO-339,DN-27,Nigeria,PMO - US,From RDC,N/A - From RDC,,Pre-PQ Process,N/A - From RDC,22-Feb-07,22-Feb-07,22-Feb-07,ARV,Pediatric,SCMS from RDC,"Lamivudine 10mg/ml, oral solution, Bottle, 240 ml",Lamivudine,Generic,10mg/ml,Oral solution,240,1200,2640.0,2.2,0.01,"Aurobindo Unit III, India",Yes,1178,4535,
59046,161-ZA-T30,FPQ-5648,SCMS-75830,ASN-9489,South Africa,PMO - US,Direct Drop,DDP,Ocean,6/2/2010,6/17/2010,29-Mar-11,29-Mar-11,29-Mar-11,ARV,Pediatric,Aurobindo Pharma Limited,"Lamivudine 10mg/ml, oral solution w/syringe, Bottle, 240 ml",Lamivudine,Generic,10mg/ml,Oral solution,240,45000,95400.0,2.12,0.01,"Aurobindo Unit III, India",Yes,16260,17060.14,205.68
24129,102-SD-T30,FPQ-8261,SCMS-120442,ASN-12833,Sudan,PMO - US,Direct Drop,EXW,Air,8/29/2011,9/14/2011,6-Jan-12,6-Jan-12,6-Jan-12,HRDT,HIV test,"Orgenics, Ltd","HIV 1/2, Determine Complete HIV Kit, 100 Tests","HIV 1/2, Determine Complete HIV Kit",Determine,,Test kit,100,77,6853.0,89.0,0.89,"Alere Medical Co., Ltd.",Yes,36,1712.6,11.31
5622,110-ZM-T01,Pre-PQ Process,SCMS-18070,ASN-1577,Zambia,PMO - US,Direct Drop,EXW,Air,Pre-PQ Process,2/25/2008,22-Apr-08,22-Apr-08,22-Apr-08,HRDT,HIV test - Ancillary,"Orgenics, Ltd","HIV, Lancet, Safety, for HIV Test kits, 100 Pcs","HIV, Lancet, Safety, for HIV Test kits, 100 Pcs",Generic,,Test kit - Ancillary,100,2000,20.0,0.01,0.0,Inverness Japan,Yes,Weight Captured Separately,Invoiced Separately,0.03
29938,105-GH-T30,FPQ-13872,SCMS-235800,ASN-26464,Ghana,PMO - US,Direct Drop,EXW,Air,3/24/2014,4/23/2014,17-Jul-14,24-Jul-14,31-Jul-14,ARV,Adult,STRIDES ARCOLAB LIMITED,"Efavirenz 600mg, tablets, 30 Tabs",Efavirenz,Generic,600mg,Tablet,30,60000,191400.0,3.19,0.11,"Strides, Bangalore, India.",Yes,3862,31401.36,196.76
85039,103-CM-T30,FPQ-16209,SO-51470,DN-4305,Cameroon,PMO - US,From RDC,N/A - From RDC,Air,4/16/2015,N/A - From RDC,16-Jul-15,28-Jun-15,29-Jun-15,ARV,Pediatric,SCMS from RDC,"Efavirenz 200mg, scored tablets, 90 Tabs",Efavirenz,Generic,200mg,Tablet,90,3101,28839.3,9.3,0.1,"Strides, Bangalore, India.",Yes,195,4257.91,33.94
10990,131-NG-T01,Pre-PQ Process,SO-15050,DN-1014,Nigeria,PMO - US,From RDC,N/A - From RDC,Air,Pre-PQ Process,N/A - From RDC,17-Nov-08,17-Nov-08,17-Nov-08,ARV,Adult,SCMS from RDC,"Emtricitabine/Tenofovir Disoproxil Fumarate 200/300mg [Truvada], tablets, 30 Tabs",Emtricitabine/Tenofovir Disoproxil Fumarate,Truvada,300/200mg,Tablet - FDC,30,10000,262500.0,26.25,0.88,"Aspen-OSD, Port Elizabeth, SA",Yes,878,4401.4,514.5
65748,108-VN-T30,FPQ-13034,SCMS-210150,ASN-24398,Vietnam,PMO - US,Direct Drop,EXW,Air,10/4/2013,10/10/2013,23-Apr-14,23-Apr-14,23-Apr-14,ARV,Adult,HETERO LABS LIMITED,"Efavirenz 600mg, tablets, 30 Tabs",Efavirenz,Generic,600mg,Tablet,30,12984,42068.16,3.24,0.11,Hetero Unit III Hyderabad IN,No,See ASN-24398 (ID#:18664),See ASN-24398 (ID#:18664),52.04
84217,113-ZW-T30,FPQ-10632,SO-43220,DN-2989,Zimbabwe,PMO - US,From RDC,N/A - From RDC,Truck,9/11/2012,N/A - From RDC,11-Feb-13,11-Feb-13,11-Feb-13,ARV,Adult,SCMS from RDC,"Nevirapine 200mg, tablets, 60 Tabs",Nevirapine,Generic,200mg,Tablet,60,164433,379840.23,2.31,0.04,"Aurobindo Unit III, India",No,See DN-2989 (ID#:84216),See DN-2989 (ID#:84216),532.54
6705,107-RW-T01,Pre-PQ Process,SCMS-800,ASN-719,Rwanda,PMO - US,Direct Drop,CIP,Air,Pre-PQ Process,7/17/2007,14-Sep-07,14-Sep-07,14-Sep-07,ARV,Pediatric,BRISTOL-MYERS SQUIBB,"Didanosine 50mg [Videx], chewable tablets, 60 Tabs",Didanosine,Videx,50mg,Chewable/dispersible tablet,60,182,1729.0,9.5,0.16,"BMS Meymac, France",Yes,40,86.4,2.77
56505,161-ZA-T30,FPQ-7175,SCMS-104060,ASN-11256,South Africa,PMO - US,Direct Drop,DDP,Ocean,3/10/2011,3/28/2011,6-Dec-11,6-Dec-11,6-Dec-11,ARV,Adult,CIPLA LIMITED,"Nevirapine 200mg, tablets, 60 Tabs",Nevirapine,Generic,200mg,Tablet,60,129183,351377.76,2.72,0.05,"Cipla, Goa, India",Yes,Weight Captured Separately,Freight Included in Commodity Cost,579.77
83916,102-BI-T30,FPQ-15406,SO-50291,DN-4306,Burundi,PMO - US,From RDC,N/A - From RDC,Air,11/19/2014,N/A - From RDC,31-Jul-15,10-Jul-15,13-Jul-15,ARV,Adult,SCMS from RDC,"Lopinavir/Ritonavir 200/50mg, tablets, 120 Tabs",Lopinavir/Ritonavir,Generic,200/50mg,Tablet,120,240,4646.4,19.36,0.16,"Aurobindo Unit III, India",Yes,58,1289.48,5.47
10707,110-ZM-T01,Pre-PQ Process,SO-1890,DN-719,Zambia,PMO - US,From RDC,N/A - From RDC,,Pre-PQ Process,N/A - From RDC,9-May-08,9-May-08,9-May-08,ARV,Adult,SCMS from RDC,"Lamivudine/Zidovudine 150/300mg, tablets, 60 Tabs",Lamivudine/Zidovudine,Generic,150/300mg,Tablet - FDC,60,40320,381024.0,9.45,0.16,"Aurobindo Unit III, India",Yes,3750,1891.44,609.64
20512,107-RW-T30,FPQ-13853,SCMS-235960,ASN-27544,Rwanda,PMO - US,Direct Drop,EXW,Air,3/25/2014,4/29/2014,22-Aug-14,22-Aug-14,26-Aug-14,ARV,Pediatric,EMCURE PHARMACEUTICALS LTD,"Atazanavir 200mg, capsules, 60 Caps",Atazanavir,Generic,200mg,Capsule,60,1411,46563.0,33.0,0.55,"Emcure Plot No.P-2, I.T-B.T. Park, Phase II, MIDC, Hinjwadi, Pune, India",Yes,145,1950.74,47.87
83372,154-NG-T30,FPQ-3815,SO-32272,DN-1360,Nigeria,PMO - US,From RDC,N/A - From RDC,Air Charter,5/26/2009,N/A - From RDC,31-Aug-09,4-Aug-09,4-Aug-09,ARV,Adult,SCMS from RDC,"Nevirapine 200mg, tablets, 60 Tabs",Nevirapine,Generic,200mg,Tablet,60,233,675.7,2.9,0.05,"Aurobindo Unit III, India",No,See DN-1360 (ID#:83371),See DN-1360 (ID#:83371),1.32
56898,102-SD-T30,FPQ-8261,SCMS-120451,ASN-13274,Sudan,PMO - US,Direct Drop,EXW,Air,8/29/2011,9/14/2011,3-Feb-12,3-Feb-12,3-Feb-12,HRDT,HIV test,"Orgenics, Ltd","HIV 1/2, Determine Complete HIV Kit, 100 Tests","HIV 1/2, Determine Complete HIV Kit",Determine,,Test kit,100,116,10324.0,89.0,0.89,"Alere Medical Co., Ltd.",Yes,45,1961.65,17.03
43786,114-UG-T30,FPQ-12156,SCMS-188340,ASN-19788,Uganda,PMO - US,Direct Drop,EXW,Air,4/23/2013,5/9/2013,18-Jun-13,18-Jun-13,18-Jun-13,HRDT,HIV test,"Trinity Biotech, Plc","HIV 1/2, Uni-Gold HIV Kit, 20 Tests","HIV 1/2, Uni-Gold HIV Kit",Uni-Gold,,Test kit,20,427,13664.0,32.0,1.6,"Trinity Biotech, Plc",Yes,139,2473.96,16.9
6621,114-UG-T01,Pre-PQ Process,SCMS-157,ASN-127,Uganda,PMO - US,Direct Drop,EXW,Air,Pre-PQ Process,Date Not Captured,21-Dec-06,21-Dec-06,21-Dec-06,ARV,Adult,Aurobindo Pharma Limited,"Stavudine 30mg, capsules, 60 Caps",Stavudine,Generic,30mg,Capsule,60,6349,12380.55,1.95,0.03,"Aurobindo Unit III, India",No,See ASN-127 (ID#:3955),See ASN-127 (ID#:3955),
12245,123-NG-T01,Pre-PQ Process,SO-19070,DN-1039,Nigeria,PMO - US,From RDC,N/A - From RDC,Air,Pre-PQ Process,N/A - From RDC,16-Feb-09,19-Jan-09,19-Jan-09,ARV,Adult,SCMS from RDC,"Stavudine 30mg, capsules, 60 Caps",Stavudine,Generic,30mg,Capsule,60,4124,6392.2,1.55,0.03,"Aurobindo Unit III, India",Yes,273,7363.74,12.53
61090,104-CI-T30,FPQ-4932,SCMS-63750,ASN-6169,Côte d'Ivoire,PMO - US,Direct Drop,FCA,Air,12/8/2009,1/25/2010,5-Mar-10,5-Mar-10,5-Mar-10,ARV,Adult,ABBVIE LOGISTICS (FORMERLY ABBOTT LOGISTICS BV),"Lopinavir/Ritonavir 200/50mg [Aluvia], tablets, 120 Tabs",Lopinavir/Ritonavir,Aluvia,200/50mg,Tablet,120,3240,117158.4,36.16,0.3,ABBVIE Ludwigshafen Germany,Yes,800,5322.35,252.59
36035,108-VN-T30,FPQ-10286,SCMS-156271,ASN-17429,Vietnam,PMO - US,Direct Drop,EXW,Air,7/25/2012,8/14/2012,29-Jan-13,29-Jan-13,29-Jan-13,ARV,Adult,MYLAN LABORATORIES LTD (FORMERLY MATRIX LABORATORIES),"Efavirenz/Lamivudine/Tenofovir Disoproxil Fumarate 600/300/300mg, tablets, 30 Tabs",Efavirenz/Lamivudine/Tenofovir Disoproxil Fumarate,Generic,600/300/300mg,Tablet - FDC,30,46749,560520.51,11.99,0.4,Mylan (formerly Matrix) Nashik,Yes,7500,19116.64,785.85
67448,116-ZA-T30,FPQ-13973,SCMS-238551,ASN-26882,South Africa,PMO - US,Direct Drop,DDP,Truck,4/30/2014,6/25/2014,25-Jun-14,25-Jun-14,25-Jun-14,ARV,Adult,PHARMACY DIRECT,"Tenofovir Disoproxil Fumarate 300mg, tablets, 30 Tabs",Tenofovir Disoproxil Fumarate,Generic,300mg,Tablet,30,91,1644.26,18.07,0.6,Mylan (formerly Matrix) Nashik,No,Weight Captured Separately,Freight Included in Commodity Cost,1.69
55504,117-ET-T30,FPQ-9096,SCMS-133350,ASN-15835,Ethiopia,PMO - US,Direct Drop,EXW,Air,1/5/2012,1/23/2012,29-Aug-12,29-Aug-12,29-Aug-12,HRDT,HIV test,"Trinity Biotech, Plc","HIV 1/2, Uni-Gold HIV Kit, 20 Tests","HIV 1/2, Uni-Gold HIV Kit",Uni-Gold,,Test kit,20,27,864.0,32.0,1.6,"Trinity Biotech, Plc",Yes,10,490.23,1.21
61737,108-VN-T30,FPQ-14516,SCMS-249050,ASN-29376,Vietnam,PMO - US,Direct Drop,EXW,Air,7/9/2014,8/11/2014,17-Dec-14,17-Dec-14,17-Dec-14,ARV,Adult,HETERO LABS LIMITED,"Efavirenz/Lamivudine/Tenofovir Disoproxil Fumarate 600/300/300mg, tablets, 30 Tabs",Efavirenz/Lamivudine/Tenofovir Disoproxil Fumarate,Generic,600/300/300mg,Tablet - FDC,30,11904,124992.0,10.5,0.35,Hetero Unit III Hyderabad IN,No,See ASN-29376 (ID#:13766),See ASN-29376 (ID#:13766),128.49
82466,104-CI-T30,FPQ-8787,SO-41152,DN-2606,Côte d'Ivoire,PMO - US,From RDC,N/A - From RDC,Air,11/11/2011,N/A - From RDC,16-Apr-12,6-Apr-12,6-Apr-12,ARV,Adult,SCMS from RDC,"Zidovudine 300mg, tablets, 60 Tabs",Zidovudine,Generic,300mg,Tablet,60,13860,97297.2,7.02,0.12,"Aurobindo Unit III, India",Yes,662,3848.91,136.41
38253,108-VN-T30,FPQ-6818,SCMS-97852,ASN-11311,Vietnam,PMO - US,Direct Drop,EXW,Air,1/17/2011,2/15/2011,27-Jul-11,27-Jul-11,27-Jul-11,ARV,Adult,MYLAN LABORATORIES LTD (FORMERLY MATRIX LABORATORIES),"Tenofovir Disoproxil Fumarate 300mg, tablets, 30 Tabs",Tenofovir Disoproxil Fumarate,Generic,300mg,Tablet,30,8388,54522.0,6.5,0.22,Mylan (formerly Matrix) Nashik,Yes,544,9141.18,89.96
76483,102-SD-T30,FPQ-6119,SCMS-84000,ASN-9447,Sudan,PMO - US,Direct Drop,EXW,Air,8/30/2010,9/2/2010,10-Feb-11,10-Feb-11,10-Feb-11,HRDT,HIV test,"Orgenics, Ltd","HIV 1/2, Determine Complete HIV Kit, 100 Tests","HIV 1/2, Determine Complete HIV Kit",Determine,,Test kit,100,130,11570.0,89.0,0.89,Inverness Japan,Yes,60,2084.49,24.94
9037,116-ZA-T01,Pre-PQ Process,SCMS-41140,ASN-3752,South Africa,PMO - US,Direct Drop,DDP,Air,Pre-PQ Process,Date Not Captured,31-Mar-09,21-Nov-08,21-Nov-08,ARV,Pediatric,S. BUYS WHOLESALER,"Efavirenz 200mg [Stocrin/Sustiva], capsule, 90 Caps",Efavirenz,Stocrin/Sustiva,200mg,Capsule,90,100,2454.0,24.54,0.27,"MSD Midrand, J'burg, SA",No,Weight Captured Separately,Freight Included in Commodity Cost,4.81
11462,112-NG-T01,Pre-PQ Process,SO-565,DN-373,Nigeria,PMO - US,From RDC,N/A - From RDC,Air,Pre-PQ Process,N/A - From RDC,20-Sep-07,20-Sep-07,20-Sep-07,ARV,Adult,SCMS from RDC,"Lamivudine/Zidovudine 150/300mg, tablets, 60 Tabs",Lamivudine/Zidovudine,Generic,150/300mg,Tablet - FDC,60,229,2445.72,10.68,0.18,"Aurobindo Unit III, India",No,See DN-373 (ID#:10623),See DN-373 (ID#:10623),3.91
7849,114-UG-T01,Pre-PQ Process,SCMS-45660,ASN-4378,Uganda,PMO - US,Direct Drop,CIP,Air,Pre-PQ Process,5/11/2009,6-Jul-09,6-Jul-09,6-Jul-09,ARV,Adult,BRISTOL-MYERS SQUIBB,"Didanosine EC 250mg [Videx EC], delayed-release capsules, Blister 3 x 10 Caps",Didanosine EC,Videx EC,250mg,Delayed-release capsules - blister,30,84,1540.56,18.34,0.61,"BMS Meymac, France",Yes,4,390.81,3.02
85863,151-NG-T30,FPQ-8952,SO-42330,DN-2685,Nigeria,PMO - US,From RDC,N/A - From RDC,Air Charter,12/8/2011,N/A - From RDC,20-Jun-12,3-Jun-12,3-Jun-12,ARV,Adult,SCMS from RDC,"Efavirenz/Lamivudine/Tenofovir Disoproxil Fumarate 600/300/300mg, tablets, 30 Tabs",Efavirenz/Lamivudine/Tenofovir Disoproxil Fumarate,Generic,600/300/300mg,Tablet - FDC,30,20000,282000.0,14.1,0.47,Mylan (formerly Matrix) Nashik,Yes,2334,17090,395.36
84504,105-GY-T30,FPQ-4438,SO-34480,DN-1505,Guyana,PMO - US,From RDC,N/A - From RDC,Air,10/15/2009,N/A - From RDC,23-Nov-09,3-Nov-09,3-Nov-09,ARV,Adult,SCMS from RDC,"Efavirenz 600mg, tablets, 30 Tabs",Efavirenz,Generic,600mg,Tablet,30,4737,27379.86,5.78,0.19,"Aurobindo Unit III, India",Yes,427,6061.01,59.03
82864,117-ET-T30,FPQ-4828,SO-35460,DN-1674,Ethiopia,PMO - US,From RDC,N/A - From RDC,Air,12/28/2009,N/A - From RDC,3-Mar-10,5-Mar-10,5-Mar-10,ARV,Adult,SCMS from RDC,"Lamivudine/Zidovudine 150/300mg, tablets, 60 Tabs",Lamivudine/Zidovudine,Generic,150/300mg,Tablet - FDC,60,20000,175200.0,8.76,0.15,"Aurobindo Unit III, India",Yes,1804,6321.99,377.73
45536,116-ZA-T30,FPQ-11828,SCMS-183950,ASN-19166,South Africa,South Africa Field Office,Direct Drop,DDP,Truck,3/18/2013,Date Not Captured,16-Apr-13,16-Apr-13,16-Apr-13,ARV,Adult,S. BUYS WHOLESALER,"Nevirapine 200mg [Viramune], tablets, 60 Tabs",Nevirapine,Viramune,200mg,Tablet,60,2,36.18,18.09,0.3,"Boehringer Ing., Koropi, GR",No,Weight Captured Separately,Freight Included in Commodity Cost,0.04
79679,108-VN-T30,FPQ-13976,SCMS-236070,ASN-28062,Vietnam,PMO - US,Direct Drop,EXW,Air,4/8/2014,4/30/2014,7-Nov-14,7-Nov-14,8-Nov-14,ARV,Adult,MICRO LABS LIMITED,"Lamivudine 150mg, tablets, 60 Tabs",Lamivudine,Generic,150mg,Tablet,60,8500,14620.0,1.72,0.03,"Micro labs, Verna, Goa, India",No,See ASN-28062 (ID#:14016),See ASN-28062 (ID#:14016),15.03
11587,117-ET-T01,Pre-PQ Process,SO-23980,DN-1107,Ethiopia,PMO - US,From RDC,N/A - From RDC,Air,Pre-PQ Process,N/A - From RDC,4-Mar-09,4-Mar-09,4-Mar-09,ARV,Adult,SCMS from RDC,"Lamivudine/Nevirapine/Stavudine 150/200/30mg, tablets, 60 Tabs",Lamivudine/Nevirapine/Stavudine,Generic,150/200/30mg,Tablet - FDC,60,41922,298484.64,7.12,0.12,"Strides, Bangalore, India.",Yes,3190,14732.36,585.03
3050,104-CI-T01,Pre-PQ Process,SCMS-18440,ASN-1563,Côte d'Ivoire,PMO - US,Direct Drop,EXW,Air,Pre-PQ Process,2/28/2008,25-Apr-08,25-Apr-08,25-Apr-08,HRDT,HIV test,"Orgenics, Ltd","HIV 1/2, Determine HIV Kit, without Lancets, 100 Tests","HIV 1/2, Determine HIV Kit, without Lancets",Determine,,Test kit,100,1116,78120.0,70.0,0.7,Inverness Japan,Yes,255,5303.05,124.99
85387,101-CD-T30,FPQ-12033,SO-45020,DN-3268,"Congo, DRC",PMO - US,From RDC,N/A - From RDC,Air,4/8/2013,N/A - From RDC,27-Aug-13,8-Feb-14,11-Mar-14,ARV,Adult,SCMS from RDC,"Lamivudine 150mg, tablets, 60 Tabs",Lamivudine,Generic,150mg,Tablet,60,373,742.27,1.99,0.03,Hetero Unit III Hyderabad IN,No,See DN-3268 (ID#:82595),See DN-3268 (ID#:82595),0.92
85509,111-MZ-T30,FPQ-13124,SO-47050,DN-3827,Mozambique,PMO - US,From RDC,N/A - From RDC,Truck,10/21/2013,N/A - From RDC,29-Aug-14,25-Aug-14,28-Aug-14,ARV,Adult,SCMS from RDC,"Lamivudine/Nevirapine/Zidovudine 150/200/300mg, tablets, 60 Tabs",Lamivudine/Nevirapine/Zidovudine,Generic,150/300/200mg,Tablet - FDC,60,150000,1216500.0,8.11,0.14,Mylan (formerly Matrix) Nashik,No,See DN-3827 (ID#:82705),See DN-3827 (ID#:82705),1250.56
83493,114-UG-T30,FPQ-6427,SO-38760,DN-2144,Uganda,PMO - US,From RDC,N/A - From RDC,Truck,9/29/2010,N/A - From RDC,31-Mar-11,1-Apr-11,1-Apr-11,ARV,Adult,SCMS from RDC,"Lamivudine/Zidovudine 150/300mg, tablets, 60 Tabs",Lamivudine/Zidovudine,Generic,150/300mg,Tablet - FDC,60,30107,248683.82,8.26,0.14,"Aurobindo Unit III, India",Yes,2875,23675.63,536.16
10953,112-NG-T01,Pre-PQ Process,SO-2726,DN-800,Nigeria,PMO - US,From RDC,N/A - From RDC,Air,Pre-PQ Process,N/A - From RDC,19-Jun-08,19-Jun-08,19-Jun-08,ARV,Adult,SCMS from RDC,"Indinavir 400mg [Crixivan], capsules, 180 Caps",Indinavir,Crixivan,400mg,Capsule,180,20,1000.0,50.0,0.28,"MSD, Haarlem, NL",Yes,1024,5226.6,1.6
712,119-NA-T01,Pre-PQ Process,SCMS-28840,ASN-2450,Namibia,PMO - US,Direct Drop,EXW,Air,Pre-PQ Process,8/26/2008,18-Sep-08,18-Sep-08,18-Sep-08,HRDT,HIV test,"Trinity Biotech, Plc","HIV 1/2, Uni-Gold HIV Kit, 20 Tests","HIV 1/2, Uni-Gold HIV Kit",Uni-Gold,,Test kit,20,10,320.0,32.0,1.6,"Trinity Biotech, Plc",Yes,Weight Captured Separately,Invoiced Separately,0.51
62980,106-HT-T30,FPQ-9635,SCMS-148700,ASN-15789,Haiti,PMO - US,Direct Drop,EXW,Ocean,5/14/2012,6/28/2012,22-Oct-12,22-Oct-12,22-Oct-12,ARV,Adult,HETERO LABS LIMITED,"Lamivudine/Tenofovir Disoproxil Fumarate 300/300mg, tablets, 30 Tabs",Lamivudine/Tenofovir Disoproxil Fumarate,Generic,300/300mg,Tablet - FDC,30,19776,100857.6,5.1,0.17,Hetero Unit III Hyderabad IN,Yes,2122,9272.18,141.4
84388,107-RW-T30,FPQ-14111,SO-48811,DN-3814,Rwanda,PMO - US,From RDC,N/A - From RDC,Truck,4/22/2014,N/A - From RDC,31-Dec-14,14-Aug-14,15-Aug-14,ARV,Pediatric,SCMS from RDC,"Abacavir 20mg/ml, oral solution w/syringe, Bottle, 240 ml",Abacavir,Generic,20mg/ml,Oral solution,240,800,6800.0,8.5,0.04,"Aurobindo Unit III, India",Yes,297,2282.79,6.99
82894,106-HT-T30,FPQ-5523,SO-36800,DN-1871,Haiti,PMO - US,From RDC,N/A - From RDC,Air,4/19/2010,N/A - From RDC,12-Jul-10,30-Jun-10,30-Jun-10,ARV,Pediatric,SCMS from RDC,"Zidovudine 10mg/ml, oral solution, Bottle, 240 ml",Zidovudine,Generic,10mg/ml,Oral solution,240,4448,8984.96,2.02,0.01,"Aurobindo Unit III, India",No,See DN-1871 (ID#:82328),See DN-1871 (ID#:82328),19.37
83410,151-NG-T30,FPQ-4537,SO-35030,DN-1734,Nigeria,PMO - US,From RDC,N/A - From RDC,Air Charter,11/6/2009,N/A - From RDC,19-Apr-10,31-Mar-10,31-Mar-10,ARV,Adult,SCMS from RDC,"Lamivudine 150mg, tablets, 60 Tabs",Lamivudine,Generic,150mg,Tablet,60,8820,21520.8,2.44,0.04,"Aurobindo Unit III, India",Yes,420,Freight Included in Commodity Cost,46.4
29020,200-DO-T30,FPQ-6615,SCMS-93370,ASN-9923,Dominican Republic,PMO - US,Direct Drop,EXW,Air,11/10/2010,12/1/2010,8-Mar-11,8-Mar-11,8-Mar-11,ARV,Adult,Aurobindo Pharma Limited,"Didanosine 250mg, delayed-release capsules, 30 Caps",Didanosine,Generic,250mg,Delayed-release capsules,30,5100,66300.0,13.0,0.43,"Aurobindo Unit III, India",Yes,319,3026.24,109.4
85833,151-NG-T30,FPQ-8364,SO-40664,DN-2560,Nigeria,PMO - US,From RDC,N/A - From RDC,Air Charter,8/29/2011,N/A - From RDC,16-Mar-12,16-Feb-12,16-Feb-12,ARV,Adult,SCMS from RDC,"Lamivudine/Nevirapine/Zidovudine 150/200/300mg, tablets, 60 Tabs",Lamivudine/Nevirapine/Zidovudine,Generic,150/300/200mg,Tablet - FDC,60,240976,2703750.72,11.22,0.19,"Aurobindo Unit III, India",Yes,30789,25231.96,4461.19
10395,106-HT-T01,Pre-PQ Process,SCMS-42710,ASN-4322,Haiti,PMO - US,Direct Drop,EXW,Air,Pre-PQ Process,4/2/2009,6-Jul-09,6-Jul-09,6-Jul-09,HRDT,HIV test,Orasure Technologies Inc.,"HIV 1/2, OraQuick Advance HIV Rapid Antibody Kit, 100 Tests","HIV 1/2, OraQuick Advance HIV Rapid Antibody Kit",OraQuick,,Test kit,100,60,21000.0,350.0,3.5,"Pacific Biotech, Thailand",Yes,144,4185.29,41.16
11653,106-HT-T01,Pre-PQ Process,SO-24850,DN-1280,Haiti,PMO - US,From RDC,N/A - From RDC,Air,Pre-PQ Process,N/A - From RDC,18-Jun-09,18-Jun-09,18-Jun-09,ARV,Adult,SCMS from RDC,"Stavudine 15mg, capsules, 60 Caps",Stavudine,Generic,15mg,Capsule,60,36,54.0,1.5,0.02,"Aurobindo Unit III, India",No,See DN-1280 (ID#:10776),See DN-1280 (ID#:10776),0.11
6988,123-NG-T01,Pre-PQ Process,SCMS-18740,ASN-1552,Nigeria,PMO - US,Direct Drop,EXW,Air,Pre-PQ Process,3/11/2008,8-May-08,8-May-08,8-May-08,HRDT,HIV test,"Orgenics, Ltd","HIV 1/2, Determine HIV Kit, without Lancets, 100 Tests","HIV 1/2, Determine HIV Kit, without Lancets",Determine,,Test kit,100,285,22797.15,79.99,0.8,Inverness Japan,Yes,64,1629,36.48
48043,102-KE-T30,FPQ-6114,SCMS-80820,ASN-8589,Kenya,PMO - US,Direct Drop,EXW,Air,7/23/2010,8/27/2010,12-Nov-10,12-Nov-10,12-Nov-10,HRDT,HIV test,"Orgenics, Ltd","HIV 1/2, Determine Complete HIV Kit, 100 Tests","HIV 1/2, Determine Complete HIV Kit",Determine,,Test kit,100,8178,727842.0,89.0,0.89,Inverness Japan,Yes,1407,15200.59,1569.23
11496,110-ZM-T01,Pre-PQ Process,SO-755,DN-482,Zambia,PMO - US,From RDC,N/A - From RDC,,Pre-PQ Process,N/A - From RDC,22-Feb-08,22-Feb-08,22-Feb-08,ARV,Pediatric,SCMS from RDC,"Abacavir 20mg/ml, oral solution, Bottle, 240 ml",Abacavir,Generic,20mg/ml,Oral solution,240,2091,34501.5,16.5,0.07,"Aurobindo Unit III, India",Yes,9386,33363.16,55.2
53532,900-TZ-T30,FPQ-10396,SCMS-157661,ASN-17082,Tanzania,PMO - US,Direct Drop,EXW,Air,7/31/2012,10/4/2012,7-Dec-12,7-Dec-12,7-Dec-12,HRDT,HIV test,"Orgenics, Ltd","HIV 1/2, Determine Complete HIV Kit, 100 Tests","HIV 1/2, Determine Complete HIV Kit",Determine,,Test kit,100,2744,219520.0,80.0,0.8,"Alere Medical Co., Ltd.",Yes,1303,22223.95,307.77
66641,161-ZA-T30,FPQ-5648,SCMS-75480,ASN-8326,South Africa,PMO - US,Direct Drop,DDP,Air,6/2/2010,6/17/2010,13-Dec-10,13-Dec-10,13-Dec-10,ARV,Pediatric,Aurobindo Pharma Limited,"Nevirapine 10mg/ml, oral suspension w/syringe, Bottle, 240 ml",Nevirapine,Generic,10mg/ml,Oral suspension,240,19050,60007.5,3.15,0.01,"Aurobindo Unit III, India",Yes,7349,4876.34,129.38
32738,107-RW-T30,FPQ-8742,SCMS-137530,ASN-15140,Rwanda,PMO - US,Direct Drop,EXW,Ocean,12/7/2011,4/20/2012,23-Aug-12,23-Aug-12,23-Aug-12,ARV,Adult,MYLAN LABORATORIES LTD (FORMERLY MATRIX LABORATORIES),"Efavirenz/Lamivudine/Tenofovir Disoproxil Fumarate 600/300/300mg, tablets, 30 Tabs",Efavirenz/Lamivudine/Tenofovir Disoproxil Fumarate,Generic,600/300/300mg,Tablet - FDC,30,46613,605969.0,13.0,0.43,Mylan (formerly Matrix) Nashik,Yes,5245,11186.24,849.57
85673,106-HT-T30,FPQ-4384,SO-34650,DN-1833,Haiti,PMO - US,From RDC,N/A - From RDC,Air,10/23/2009,N/A - From RDC,19-May-10,19-May-10,19-May-10,ARV,Adult,SCMS from RDC,"Efavirenz 600mg, tablets, 30 Tabs",Efavirenz,Generic,600mg,Tablet,30,6576,31236.0,4.75,0.16,"Strides, Bangalore, India.",No,See DN-1833 (ID#:84565),See DN-1833 (ID#:84565),67.34
52803,116-ZA-T30,FPQ-14942,SCMS-259074,ASN-31070,South Africa,PMO - US,Direct Drop,DDP,Truck,9/11/2014,3/9/2015,9-Mar-15,9-Mar-15,9-Mar-15,ARV,Pediatric,PHARMACY DIRECT,"Lamivudine 10mg/ml, oral solution, Bottle, 240 ml",Lamivudine,Generic,10mg/ml,Oral solution,240,4,20.67,5.17,0.02,"Aurobindo Unit III, India",No,Weight Captured Separately,Freight Included in Commodity Cost,0.02
82547,900-SS-T30,FPQ-11272,SO-44110,DN-3026,South Sudan,PMO - US,From RDC,N/A - From RDC,Air,12/17/2012,N/A - From RDC,31-Mar-13,22-Mar-13,22-Mar-13,ARV,Pediatric,SCMS from RDC,"Nevirapine 10mg/ml, oral suspension w/syringe, Bottle, 240 ml",Nevirapine,Generic,10mg/ml,Oral suspension,240,2976,5803.2,1.95,0.01,"Aurobindo Unit III, India",Yes,1108,10754,7.18
34235,116-ZA-T30,FPQ-5535,SCMS-71370,ASN-7373,South Africa,PMO - US,Direct Drop,DDP,Truck,4/19/2010,4/21/2010,31-May-10,31-May-10,31-May-10,ARV,Adult,S. BUYS WHOLESALER,"Lamivudine 150mg [Epivir], tablets, 60 Tabs",Lamivudine,Epivir,150mg,Tablet,60,2500,14939.06,5.98,0.1,GSK Ware (UK),No,Weight Captured Separately,Freight Included in Commodity Cost,32.21
28181,161-ZA-T30,FPQ-7175,SCMS-103880,ASN-11458,South Africa,PMO - US,Direct Drop,DDP,Ocean,3/10/2011,3/28/2011,3-Nov-11,3-Nov-11,3-Nov-11,ARV,Adult,STRIDES ARCOLAB LIMITED,"Lamivudine 150mg, tablets, 60 Tabs",Lamivudine,Generic,150mg,Tablet,60,356876,867208.68,2.43,0.04,"Strides, Bangalore, India.",Yes,16391,20258.29,1430.89
65314,116-ZA-T30,FPQ-12522,SCMS-199287,ASN-27749,South Africa,PMO - US,Direct Drop,DDP,Truck,7/11/2013,8/13/2014,13-Aug-14,13-Aug-14,13-Aug-14,ARV,Pediatric,S. BUYS WHOLESALER,"Lopinavir/Ritonavir 80/20mg/ml [Kaletra], oral solution, cool, Bottle 5 x 60 ml",Lopinavir/Ritonavir,Kaletra,80/20mg/ml,Oral solution,300,2,46.9,23.45,0.08,ABBVIE (Abbott) Logis. UK,Yes,Weight Captured Separately,Freight Included in Commodity Cost,0.06
74479,117-ET-T30,FPQ-4873,SCMS-63002,ASN-6034,Ethiopia,PMO - US,Direct Drop,EXW,Air,1/5/2010,1/12/2010,11-Feb-10,11-Feb-10,11-Feb-10,HRDT,HIV test,"SHANGHAI KEHUA BIOENGINEERING CO.,LTD.  (KHB)","HIV 1/2, SKB Colloidal Gold, Diagnostic Kit, Antibody, 50 Tests","HIV 1/2, Colloidal Gold, Diagnostic Kit, Antibody",Colloidal Gold,,Test kit,1,800,18400.0,23.0,23.0,"KHB Test Kit Facility, Shanghai China",Yes,543,5456.44,39.67
82701,110-ZM-T30,FPQ-14105,SO-48651,DN-3821,Zambia,PMO - US,From RDC,N/A - From RDC,Truck,4/16/2014,N/A - From RDC,4-Sep-14,3-Sep-14,6-Oct-14,ARV,Adult,SCMS from RDC,"Lamivudine/Zidovudine 150/300mg, tablets, 60 Tabs",Lamivudine/Zidovudine,Generic,150/300mg,Tablet - FDC,60,36852,240275.04,6.52,0.11,"Cipla, Goa, India",Yes,3324,4266.62,247.0
11999,106-HT-T01,Pre-PQ Process,SO-32730,DN-1374,Haiti,PMO - US,From RDC,N/A - From RDC,Air,Date Not Captured,N/A - From RDC,31-Jul-09,31-Jul-09,31-Jul-09,ARV,Adult,SCMS from RDC,"Stavudine 15mg, capsules, 60 Caps",Stavudine,Generic,15mg,Capsule,60,108,162.0,1.5,0.02,"Aurobindo Unit III, India",Yes,78,6811.4,0.32
85644,104-CI-T30,FPQ-4378,SO-34390,DN-1577,Côte d'Ivoire,PMO - US,From RDC,N/A - From RDC,Air,10/15/2009,N/A - From RDC,17-Dec-09,14-Dec-09,14-Dec-09,ARV,Adult,SCMS from RDC,"Lamivudine/Nevirapine/Stavudine 150/200/30mg, tablets, 60 Tabs",Lamivudine/Nevirapine/Stavudine,Generic,150/200/30mg,Tablet - FDC,60,9024,60099.84,6.66,0.11,"Strides, Bangalore, India.",Yes,680,2698.22,117.8
63648,106-HT-T30,FPQ-6489,SCMS-90451,ASN-10748,Haiti,PMO - US,Direct Drop,CIP,Air,10/20/2010,11/4/2010,11-May-11,11-May-11,11-May-11,ARV,Adult,MERCK SHARP & DOHME IDEA GMBH (FORMALLY MERCK SHARP & DOHME B.V.),"Indinavir 400mg [Crixivan], capsules, 180 Caps",Indinavir,Crixivan,400mg,Capsule,180,28,1400.0,50.0,0.28,"MSD, Haarlem, NL",Yes,7,290,3.02
63186,107-RW-T30,FPQ-3859,SCMS-48810,ASN-5182,Rwanda,PMO - US,Direct Drop,CIP,Air,6/30/2009,7/16/2009,19-Oct-09,19-Oct-09,19-Oct-09,ARV,Adult,Aurobindo Pharma Limited,"Abacavir 300mg, tablets, 60 Tabs",Abacavir,Generic,300mg,Tablet,60,427,8253.91,19.33,0.32,"Aurobindo Unit III, India",Yes,62,1060.35,16.18
77750,103-ZW-T30,FPQ-9905,SCMS-148290,ASN-16913,Zimbabwe,PMO - US,Direct Drop,FCA,Air,5/29/2012,7/18/2012,8-Nov-12,22-Nov-12,22-Nov-12,ARV,Pediatric,ABBVIE LOGISTICS (FORMERLY ABBOTT LOGISTICS BV),"Lopinavir/Ritonavir 80/20mg/ml [Kaletra], oral solution, cool, Bottle 5 x 60 ml",Lopinavir/Ritonavir,Kaletra,80/20mg/ml,Oral solution,300,1364,42038.48,30.82,0.1,ABBVIE (Abbott) Logis. UK,Yes,1309,15578.89,58.94
83850,103-ZW-T30,FPQ-13967,SO-49890,DN-3972,Zimbabwe,PMO - US,From RDC,N/A - From RDC,Truck,4/2/2014,N/A - From RDC,14-Nov-14,30-Oct-14,7-Nov-14,ARV,Pediatric,SCMS from RDC,"Lamivudine/Nevirapine/Zidovudine 30/50/60mg, dispersible tablets, 60 Tabs",Lamivudine/Nevirapine/Zidovudine,Generic,30/50/60mg,Chewable/dispersible tablet - FDC,60,37963,136666.8,3.6,0.06,"Cipla, Goa, India",No,See DN-3972 (ID#:82740),See DN-3972 (ID#:82740),140.49
38247,105-GY-T30,FPQ-12057,SCMS-189030,ASN-20003,Guyana,PMO - US,Direct Drop,EXW,Air,4/15/2013,5/23/2013,1-Jul-13,1-Jul-13,1-Jul-13,ARV,Pediatric,Aurobindo Pharma Limited,"Zidovudine 100mg, capsules, 100 Caps",Zidovudine,Generic,100mg,Capsule,100,118,542.8,4.6,0.05,"Aurobindo Unit III, India",Yes,16,693.16,0.67
9269,105-GY-T01,Pre-PQ Process,SCMS-123,ASN-78,Guyana,PMO - US,Direct Drop,EXW,Air,Pre-PQ Process,Date Not Captured,8-Nov-06,8-Nov-06,8-Nov-06,ARV,Adult,Aurobindo Pharma Limited,"Zidovudine 300mg, tablets, 60 Tabs",Zidovudine,Generic,300mg,Tablet,60,245,2707.25,11.05,0.18,"Aurobindo Unit III, India",Yes,13,1020.6,
15687,161-ZA-T30,FPQ-5303,SCMS-68980,ASN-7526,South Africa,PMO - US,Direct Drop,DDP,Air,3/18/2010,3/19/2010,24-Aug-10,24-Aug-10,24-Aug-10,ARV,Pediatric,Aurobindo Pharma Limited,"Lamivudine 10mg/ml, oral solution w/syringe, Bottle, 240 ml",Lamivudine,Generic,10mg/ml,Oral solution,240,8474,25422.0,3.0,0.01,"Aurobindo Unit III, India",Yes,3206,2154.51,54.81
73607,104-CI-T30,FPQ-3882,SCMS-51820,ASN-4980,Côte d'Ivoire,PMO - US,Direct Drop,FCA,Air,7/24/2009,8/24/2009,16-Oct-09,16-Oct-09,16-Oct-09,ARV,Adult,ABBVIE LOGISTICS (FORMERLY ABBOTT LOGISTICS BV),"Ritonavir 100mg [Norvir], capsules, cool, 4 x 84 Caps",Ritonavir,Norvir,100mg,Capsule,336,300,11508.0,38.36,0.11,ABBVIE (Abbott) France,Yes,546,8956.05,22.56
28601,106-HT-T30,FPQ-13494,SCMS-225424,ASN-30187,Haiti,PMO - US,Direct Drop,EXW,Air,1/21/2014,2/19/2014,20-Feb-15,20-Feb-15,23-Feb-15,HRDT,HIV test,"SHANGHAI KEHUA BIOENGINEERING CO.,LTD.  (KHB)","HIV 1/2, SKB Colloidal Gold, Diagnostic Kit, Antibody, 50 Tests","HIV 1/2, Colloidal Gold, Diagnostic Kit, Antibody",Colloidal Gold,,Test kit,1,400,9800.0,24.5,24.5,"KHB Test Kit Facility, Shanghai China",Yes,253,3087.68,10.07
32893,101-CD-T30,FPQ-16001,SCMS-280220,ASN-32231,"Congo, DRC",PMO - US,Direct Drop,EXW,Air,3/10/2015,3/17/2015,23-Jul-15,23-Jul-15,29-Jul-15,HRDT,HIV test,"Orgenics, Ltd","HIV 1/2, Determine Complete HIV Kit, 100 Tests","HIV 1/2, Determine Complete HIV Kit",Determine,,Test kit,100,17,1360.0,80.0,0.8,"Alere Medical Co., Ltd.",No,See ASN-32231 (ID#:13648),See ASN-32231 (ID#:13648),1.6
59970,101-ZA-T30,FPQ-12932,SCMS-206101,ASN-24548,South Africa,PMO - US,Direct Drop,DDP,Truck,9/7/2013,11/28/2013,5-Feb-14,5-Feb-14,17-Feb-14,ARV,Adult,PHARMACY DIRECT,"Efavirenz/Emtricitabine/Tenofovir Disoproxil Fumarate 600/200/300mg, tablets, 30 Tabs",Efavirenz/Emtricitabine/Tenofovir Disoproxil Fumarate,Generic,600/200/300mg,Tablet - FDC,30,5409,206791.05,38.23,1.27,"Aurobindo Unit VII, IN",Yes,Weight Captured Separately,Freight Included in Commodity Cost,255.8
44516,104-CI-T30,FPQ-11294,SCMS-173130,ASN-19140,Côte d'Ivoire,PMO - US,Direct Drop,EXW,Air,12/14/2012,1/15/2013,26-Apr-13,26-Apr-13,26-Apr-13,HRDT,HIV test,"Orgenics, Ltd","HIV 1/2, Determine Complete HIV Kit, 100 Tests","HIV 1/2, Determine Complete HIV Kit",Determine,,Test kit,100,2104,168320.0,80.0,0.8,"Alere Medical Co., Ltd.",Yes,917,16661.34,208.21
82341,107-RW-T30,FPQ-5394,SO-36581,DN-1950,Rwanda,PMO - US,From RDC,N/A - From RDC,Air,3/25/2010,N/A - From RDC,30-Aug-10,3-Aug-10,3-Aug-10,ARV,Adult,SCMS from RDC,"Lamivudine/Nevirapine/Zidovudine 150/200/300mg, tablets, 60 Tabs",Lamivudine/Nevirapine/Zidovudine,Generic,150/300/200mg,Tablet - FDC,60,44131,495149.82,11.22,0.19,"Aurobindo Unit III, India",Yes,5364,81670.57,1067.54
74906,106-HT-T30,FPQ-12590,SCMS-210440,ASN-23017,Haiti,PMO - US,Direct Drop,FCA,Air,8/21/2013,10/22/2013,23-Jan-14,23-Jan-14,24-Jan-14,ARV,Pediatric,ABBVIE LOGISTICS (FORMERLY ABBOTT LOGISTICS BV),"Lopinavir/Ritonavir 100/25mg [Aluvia], tablets, 60 Tabs",Lopinavir/Ritonavir,Generic,100/25mg,Tablet,60,80,475.2,5.94,0.1,ABBVIE Ludwigshafen Germany,Yes,8,737.12,0.59
11234,106-HT-T01,Pre-PQ Process,SO-2046,DN-685,Haiti,PMO - US,From RDC,N/A - From RDC,Air,Pre-PQ Process,N/A - From RDC,31-Mar-08,31-Mar-08,31-Mar-08,ARV,Adult,SCMS from RDC,"Efavirenz 600mg, tablets, 30 Tabs",Efavirenz,Generic,600mg,Tablet,30,19740,237077.4,12.01,0.4,"Aurobindo Unit III, India",Yes,2941,31051.3,379.32
85640,113-ZW-T30,FPQ-4472,SO-27200,DN-1554,Zimbabwe,PMO - US,From RDC,N/A - From RDC,Truck,3/17/2009,N/A - From RDC,18-Dec-09,7-Dec-09,7-Dec-09,ARV,Adult,SCMS from RDC,"Efavirenz 600mg, tablets, 30 Tabs",Efavirenz,Generic,600mg,Tablet,30,4000,23120.0,5.78,0.19,"Aurobindo Unit III, India",No,See DN-1554 (ID#:84514),See DN-1554 (ID#:84514),45.32
60321,101-CD-T30,FPQ-16001,SCMS-280210,ASN-31750,"Congo, DRC",PMO - US,Direct Drop,EXW,Air,3/10/2015,3/16/2015,2-Jul-15,2-Jul-15,30-Jul-15,HRDT,HIV test,"Trinity Biotech, Plc","HIV 1/2, Uni-Gold HIV Kit, 20 Tests","HIV 1/2, Uni-Gold HIV Kit",Uni-Gold,,Test kit,20,47,1504.0,32.0,1.6,"Trinity Biotech, Plc",No,See ASN-31750 (ID#:19272),See ASN-31750 (ID#:19272),1.77
61913,105-SS-T30,FPQ-12623,SCMS-200920,ASN-21751,South Sudan,PMO - US,Direct Drop,EXW,Air,7/18/2013,8/6/2013,18-Oct-13,18-Oct-13,18-Oct-13,HRDT,HIV test,"Trinity Biotech, Plc","HIV 1/2, Uni-Gold HIV Kit, 20 Tests","HIV 1/2, Uni-Gold HIV Kit",Uni-Gold,,Test kit,20,18,576.0,32.0,1.6,"Trinity Biotech, Plc",No,See ASN-21751 (ID#:13968),See ASN-21751 (ID#:13968),0.71
22815,161-ZA-T30,FPQ-5303,SCMS-68830,ASN-7191,South Africa,PMO - US,Direct Drop,DDP,Air,3/18/2010,3/19/2010,27-Jul-10,27-Jul-10,27-Jul-10,ARV,Adult,STRIDES ARCOLAB LIMITED,"Lamivudine 150mg, tablets, 60 Tabs",Lamivudine,Generic,150mg,Tablet,60,294346,756469.22,2.57,0.04,"Strides, Bangalore, India.",Yes,14550,20706.21,1630.95
10794,110-ZM-T01,Pre-PQ Process,SO-33020,DN-1416,Zambia,PMO - US,From RDC,N/A - From RDC,Truck,Date Not Captured,N/A - From RDC,22-Sep-09,22-Sep-09,22-Sep-09,ARV,Adult,SCMS from RDC,"Nevirapine 200mg, tablets, 60 Tabs",Nevirapine,Generic,200mg,Tablet,60,98000,294000.0,3.0,0.05,"Aurobindo Unit III, India",Yes,9522,13518.56,576.24
59157,110-ZM-T30,FPQ-12933,SCMS-205880,ASN-22538,Zambia,PMO - US,Direct Drop,EXW,Air,9/3/2013,9/11/2013,2-Dec-13,2-Dec-13,11-Dec-13,HRDT,HIV test,"Trinity Biotech, Plc","HIV 1/2, Uni-Gold HIV Kit, 20 Tests","HIV 1/2, Uni-Gold HIV Kit",Uni-Gold,,Test kit,20,2900,92800.0,32.0,1.6,"Trinity Biotech, Plc",Yes,266,8308.74,114.79
46209,107-RW-T30,FPQ-4032,SCMS-51680,ASN-4976,Rwanda,PMO - US,Direct Drop,EXW,Air,8/5/2009,8/18/2009,27-Oct-09,27-Oct-09,27-Oct-09,HRDT,HIV test,"Orgenics, Ltd","HIV 1/2, Determine HIV Kit, without Lancets, 100 Tests","HIV 1/2, Determine HIV Kit, without Lancets",Determine,,Test kit,100,5084,355880.0,70.0,0.7,Inverness Japan,Yes,1153,46638.41,697.52
86424,114-UG-T30,FPQ-8520,SO-40911,DN-2435,Uganda,PMO - US,From RDC,N/A - From RDC,Truck,10/5/2011,N/A - From RDC,9-Jan-12,1-Dec-11,1-Dec-11,ARV,Adult,SCMS from RDC,"Nevirapine 200mg, tablets, 60 Tabs",Nevirapine,Generic,200mg,Tablet,60,4466,11522.28,2.58,0.04,"Strides, Bangalore, India.",No,See DN-2435 (ID#:84121),See DN-2435 (ID#:84121),19.01
2417,111-MZ-T01,Pre-PQ Process,SCMS-40370,ASN-3857,Mozambique,PMO - US,Direct Drop,EXW,Air,Pre-PQ Process,3/11/2009,26-May-09,26-May-09,26-May-09,HRDT,HIV test,"Orgenics, Ltd","HIV 1/2, Determine Complete HIV Kit, 100 Tests","HIV 1/2, Determine Complete HIV Kit",Determine,,Test kit,100,9000,648000.0,72.0,0.72,Inverness Japan,Yes,2655,25052.69,1270.08
34987,108-VN-T30,FPQ-12539,SCMS-199820,ASN-23648,Vietnam,PMO - US,Direct Drop,EXW,Air,7/11/2013,8/2/2013,13-Jun-14,22-Jan-14,22-Jan-14,ARV,Adult,MYLAN LABORATORIES LTD (FORMERLY MATRIX LABORATORIES),"Efavirenz/Lamivudine/Tenofovir Disoproxil Fumarate 600/300/300mg, tablets, 30 Tabs",Efavirenz/Lamivudine/Tenofovir Disoproxil Fumarate,Generic,600/300/300mg,Tablet - FDC,30,15500,172825.0,11.15,0.37,Mylan (formerly Matrix) Nashik,Yes,1745,3977.24,213.78
12500,106-HT-T01,Pre-PQ Process,SO-2042,DN-682,Haiti,PMO - US,From RDC,N/A - From RDC,Air,Pre-PQ Process,N/A - From RDC,21-Mar-08,21-Mar-08,21-Mar-08,ARV,Adult,SCMS from RDC,"Stavudine 30mg, capsules, 60 Caps",Stavudine,Generic,30mg,Capsule,60,7770,11810.4,1.52,0.03,"Aurobindo Unit III, India",No,See DN-682 (ID#:10963),See DN-682 (ID#:10963),18.9
5120,104-CI-T01,Pre-PQ Process,SCMS-44050,ASN-4095,Côte d'Ivoire,PMO - US,Direct Drop,EXW,Air,Pre-PQ Process,4/15/2009,10-Jun-09,17-Jun-09,17-Jun-09,HRDT,HIV test,BIO-RAD LABORATORIES (FRANCE),"#108853** HIV, Genie II HIV-1/HIV-2 Kit, 40 Tests","HIV, Genie II HIV-1/HIV-2 Kit",Genie,,Test kit,40,18,1980.0,110.0,2.75,Bio-Rad Laboratories,Yes,20,2199.43,3.88
85853,110-ZM-T30,FPQ-8476,SO-40955,DN-2624,Zambia,PMO - US,From RDC,N/A - From RDC,Truck,9/27/2011,N/A - From RDC,15-May-12,30-Apr-12,30-Apr-12,ARV,Adult,SCMS from RDC,"Lamivudine/Zidovudine 150/300mg, tablets, 60 Tabs",Lamivudine/Zidovudine,Generic,150/300mg,Tablet - FDC,60,887,7096.0,8.0,0.13,"Aurobindo Unit VII, IN",No,See DN-2624 (ID#:83584),See DN-2624 (ID#:83584),11.71
72158,109-TZ-T30,FPQ-5174,SCMS-66910,ASN-6720,Tanzania,PMO - US,Direct Drop,FCA,Air,3/1/2010,3/12/2010,11-Jun-10,11-Jun-10,11-Jun-10,ARV,Adult,ABBVIE LOGISTICS (FORMERLY ABBOTT LOGISTICS BV),"Lopinavir/Ritonavir 200/50mg [Aluvia], tablets, 120 Tabs",Lopinavir/Ritonavir,Aluvia,200/50mg,Tablet,120,7145,258363.2,36.16,0.3,ABBVIE Ludwigshafen Germany,Yes,1604,9915.56,557.03
21491,114-UG-T30,FPQ-11098,SCMS-171680,ASN-18883,Uganda,PMO - US,Direct Drop,EXW,Air,12/13/2012,1/2/2013,29-Apr-13,29-Apr-13,29-Apr-13,HRDT,HIV test,"Orgenics, Ltd","HIV 1/2, Determine Complete HIV Kit, 100 Tests","HIV 1/2, Determine Complete HIV Kit",Determine,,Test kit,100,2957,236560.0,80.0,0.8,"Alere Medical Co., Ltd.",Yes,1313,31917.19,292.62
48623,114-UG-T30,FPQ-9923,SCMS-149970,ASN-16318,Uganda,PMO - US,Direct Drop,EXW,Air,5/28/2012,6/26/2012,21-Sep-12,21-Sep-12,21-Sep-12,ARV,Adult,MYLAN LABORATORIES LTD (FORMERLY MATRIX LABORATORIES),"Atazanavir/Ritonavir 300/100mg, tablets, 30 Tabs",Atazanavir/Ritonavir,Generic,300/100mg,Tablet,30,1558,35055.0,22.5,0.75,Mylan (formerly Matrix) Nashik,Yes,195,3387.72,49.15
41022,161-ZA-T30,FPQ-6262,SCMS-83790,ASN-9199,South Africa,PMO - US,Direct Drop,DDP,Ocean,8/31/2010,9/24/2010,31-Jan-11,31-Jan-11,31-Jan-11,ARV,Adult,Aurobindo Pharma Limited,"Lamivudine 150mg, tablets, 60 Tabs",Lamivudine,Generic,150mg,Tablet,60,236129,559625.73,2.37,0.04,"Aurobindo Unit III, India",Yes,11917,17266.6,1206.55
83905,114-UG-T30,FPQ-15294,SO-50050,DN-4218,Uganda,PMO - US,From RDC,N/A - From RDC,Truck,11/3/2014,N/A - From RDC,15-Jun-15,14-May-15,15-May-15,ARV,Adult,SCMS from RDC,"Lamivudine/Tenofovir Disoproxil Fumarate 300/300mg, tablets, 30 Tabs",Lamivudine/Tenofovir Disoproxil Fumarate,Generic,300/300mg,Tablet - FDC,30,120742,554205.78,4.59,0.15,"Cipla, Kurkumbh, India",No,See DN-4218 (ID#:83326),See DN-4218 (ID#:83326),652.3
83411,113-ZW-T30,FPQ-5278,SO-36120,DN-1739,Zimbabwe,PMO - US,From RDC,N/A - From RDC,Air,3/4/2010,N/A - From RDC,27-May-10,31-Mar-10,31-Mar-10,ARV,Adult,SCMS from RDC,"Lamivudine/Zidovudine 150/300mg, tablets, 60 Tabs",Lamivudine/Zidovudine,Generic,150/300mg,Tablet - FDC,60,12000,105120.0,8.76,0.15,"Aurobindo Unit III, India",Yes,1088,4170.65,226.64
84139,101-CD-T30,FPQ-8840,SO-41146,DN-2510,"Congo, DRC",PMO - US,From RDC,N/A - From RDC,Air,11/21/2011,N/A - From RDC,16-Mar-12,23-Mar-12,23-Mar-12,ARV,Pediatric,SCMS from RDC,"Nevirapine 10mg/ml, oral suspension w/syringe, Bottle, 240 ml",Nevirapine,Generic,10mg/ml,Oral suspension,240,163,317.85,1.95,0.01,"Aurobindo Unit III, India",No,See DN-2510 (ID#:82442),See DN-2510 (ID#:82442),0.45
54729,133-NG-T30,FPQ-12812,SCMS-210350,ASN-22886,Nigeria,PMO - US,Direct Drop,EXW,Air,8/13/2013,11/1/2013,23-Dec-13,10-Dec-13,16-Dec-13,HRDT,HIV test,"Orgenics, Ltd","HIV 1/2, Determine Complete HIV Kit, 100 Tests","HIV 1/2, Determine Complete HIV Kit",Determine,,Test kit,100,5983,532487.0,89.0,0.89,"Alere Medical Co., Ltd.",Yes,2425,39069.63,658.69
84434,107-RW-T30,FPQ-14893,SO-49980,DN-4042,Rwanda,PMO - US,From RDC,N/A - From RDC,Air,10/15/2014,N/A - From RDC,27-Jan-15,9-Jan-15,19-Jan-15,ARV,Pediatric,SCMS from RDC,"Nevirapine 10mg/ml, oral suspension w/syringe, Bottle, 240 ml",Nevirapine,Generic,10mg/ml,Oral suspension,240,10401,15705.51,1.51,0.01,"Aurobindo Unit III, India",Yes,3880,28001.97,16.15
71554,105-GH-T30,FPQ-14052,SCMS-237840,ASN-27603,Ghana,PMO - US,Direct Drop,EXW,Ocean,4/12/2014,5/23/2014,4-Nov-14,4-Nov-14,6-Nov-14,ARV,Pediatric,Aurobindo Pharma Limited,"Lamivudine 10mg/ml, oral solution, Bottle, 240 ml",Lamivudine,Generic,10mg/ml,Oral solution,240,13863,19824.09,1.43,0.01,"Aurobindo Unit III, India",Yes,5467,11447.38,20.38
53560,133-NG-T30,FPQ-12456,SCMS-196561,ASN-22346,Nigeria,PMO - US,Direct Drop,EXW,Air,6/10/2013,7/10/2013,7-Nov-13,8-Nov-13,17-Nov-13,HRDT,HIV test,"Orgenics, Ltd","HIV 1/2, Determine Complete HIV Kit, 100 Tests","HIV 1/2, Determine Complete HIV Kit",Determine,,Test kit,100,3038,270382.0,89.0,0.89,"Alere Medical Co., Ltd.",Yes,1234,21084.84,334.46
12761,114-UG-T01,Pre-PQ Process,SO-1820,DN-622,Uganda,PMO - US,From RDC,N/A - From RDC,,Pre-PQ Process,N/A - From RDC,11-Mar-08,11-Mar-08,11-Mar-08,ARV,Adult,SCMS from RDC,"Lamivudine/Nevirapine/Stavudine 150/200/30mg, tablets, 60 Tabs",Lamivudine/Nevirapine/Stavudine,Generic,150/200/30mg,Tablet - FDC,60,1860,13764.0,7.4,0.12,"Cipla, Goa, India",Yes,192,1617.52,22.02
86808,114-UG-T30,FPQ-15294,SO-50070,DN-4259,Uganda,PMO - US,From RDC,N/A - From RDC,Truck,11/3/2014,N/A - From RDC,30-Jun-15,4-Jun-15,15-Jun-15,ARV,Pediatric,SCMS from RDC,"Lamivudine/Nevirapine/Zidovudine 30/50/60mg, dispersible tablets, 60 Tabs",Lamivudine/Nevirapine/Zidovudine,Generic,30/50/60mg,Chewable/dispersible tablet - FDC,60,18000,64800.0,3.6,0.06,Mylan (formerly Matrix) Nashik,Yes,2253,3785.72,76.27
44180,901-CM-T30,FPQ-12837,SCMS-204300,ASN-21698,Cameroon,PMO - US,Direct Drop,EXW,Air,8/19/2013,8/23/2013,18-Oct-13,18-Oct-13,18-Oct-13,ARV,Adult,Aurobindo Pharma Limited,"Nevirapine 200mg, tablets, 60 Tabs",Nevirapine,Generic,200mg,Tablet,60,19429,43715.25,2.25,0.04,"Aurobindo Unit III, India",No,See ASN-21698 (ID#:33964),See ASN-21698 (ID#:33964),54.08
83488,105-GY-T30,FPQ-7128,SO-38840,DN-2129,Guyana,PMO - US,From RDC,N/A - From RDC,Air,2/4/2011,N/A - From RDC,31-Mar-11,25-Mar-11,25-Mar-11,ARV,Adult,SCMS from RDC,"Stavudine 15mg, capsules, 60 Caps",Stavudine,Generic,15mg,Capsule,60,73,109.5,1.5,0.02,"Aurobindo Unit III, India",Yes,143,2097.18,0.18
54840,133-NG-T30,FPQ-10765,SCMS-162440,ASN-17524,Nigeria,PMO - US,Direct Drop,EXW,Air,10/5/2012,10/16/2012,9-Jan-13,8-Jan-13,8-Jan-13,HRDT,HIV test,"Orgenics, Ltd","HIV 1/2, Determine Complete HIV Kit, 100 Tests","HIV 1/2, Determine Complete HIV Kit",Determine,,Test kit,100,2744,244216.0,89.0,0.89,"Alere Medical Co., Ltd.",Yes,1186,24927.19,342.39
62319,114-UG-T30,FPQ-5017,SCMS-65110,ASN-6369,Uganda,PMO - US,Direct Drop,FCA,Air,2/9/2010,2/10/2010,24-Mar-10,24-Mar-10,24-Mar-10,ARV,Adult,ABBVIE LOGISTICS (FORMERLY ABBOTT LOGISTICS BV),"Lopinavir/Ritonavir 200/50mg [Aluvia], tablets, 120 Tabs",Lopinavir/Ritonavir,Aluvia,200/50mg,Tablet,120,480,17356.8,36.16,0.3,ABBVIE Ludwigshafen Germany,Yes,127,1400.91,37.42
84224,101-CD-T30,FPQ-11096,SO-43750,DN-3017,"Congo, DRC",PMO - US,From RDC,N/A - From RDC,Air,11/20/2012,N/A - From RDC,18-Mar-13,8-Aug-13,8-Aug-13,ARV,Adult,SCMS from RDC,"Lamivudine/Nevirapine/Zidovudine 150/200/300mg, tablets, 60 Tabs",Lamivudine/Nevirapine/Zidovudine,Generic,150/300/200mg,Tablet - FDC,60,990,8494.2,8.58,0.14,Hetero Unit III Hyderabad IN,No,See DN-3017 (ID#:83108),See DN-3017 (ID#:83108),10.51
26821,109-TZ-T30,FPQ-4157,SCMS-52774,ASN-5621,Tanzania,PMO - US,Direct Drop,EXW,Air,8/27/2009,9/3/2009,11-Dec-09,11-Dec-09,11-Dec-09,HRDT,HIV test,"Orgenics, Ltd","HIV 1/2, Determine HIV Kit, without Lancets, 100 Tests","HIV 1/2, Determine HIV Kit, without Lancets",Determine,,Test kit,100,950,66500.0,70.0,0.7,Inverness Japan,Yes,216,3744.18,130.34
19146,116-ZA-T30,FPQ-14942,SCMS-259075,ASN-32122,South Africa,PMO - US,Direct Drop,DDP,Truck,9/11/2014,5/11/2015,12-May-15,12-May-15,12-May-15,ARV,Adult,PHARMACY DIRECT,"Zidovudine 300mg, tablets, 60 Tabs",Zidovudine,Generic,300mg,Tablet,60,11,198.35,18.03,0.3,"Aurobindo Unit III, India",No,Weight Captured Separately,Freight Included in Commodity Cost,0.2
12256,117-ET-T01,Pre-PQ Process,SO-22030,DN-1062,Ethiopia,PMO - US,From RDC,N/A - From RDC,Air,Pre-PQ Process,N/A - From RDC,4-Mar-09,4-Mar-09,4-Mar-09,ARV,Adult,SCMS from RDC,"Lamivudine/Nevirapine/Stavudine 150/200/30mg, tablets, 60 Tabs",Lamivudine/Nevirapine/Stavudine,Generic,150/200/30mg,Tablet - FDC,60,107556,765798.72,7.12,0.12,"Cipla, Goa, India",Yes,14450,14144.68,1500.97
83504,151-NG-T30,FPQ-7217,SO-39580,DN-2213,Nigeria,PMO - US,From RDC,N/A - From RDC,Air Charter,2/21/2011,N/A - From RDC,15-Jun-11,6-Jul-11,6-Jul-11,ARV,Adult,SCMS from RDC,"Lamivudine/Zidovudine 150/300mg, tablets, 60 Tabs",Lamivudine/Zidovudine,Generic,150/300mg,Tablet - FDC,60,30091,248551.66,8.26,0.14,"Aurobindo Unit III, India",No,See DN-2213 (ID#:82952),See DN-2213 (ID#:82952),410.11
85831,104-CI-T30,FPQ-8363,SO-40841,DN-2555,Côte d'Ivoire,PMO - US,From RDC,N/A - From RDC,Truck,8/29/2011,N/A - From RDC,30-Mar-12,24-Feb-12,24-Feb-12,ARV,Adult,SCMS from RDC,"Efavirenz/Emtricitabine/Tenofovir Disoproxil Fumarate 600/200/300mg, tablets, 30 Tabs",Efavirenz/Emtricitabine/Tenofovir Disoproxil Fumarate,Generic,600/200/300mg,Tablet - FDC,30,7140,119452.2,16.73,0.56,Mylan (formerly Matrix) Nashik,Yes,779,4646.14,197.1
28309,116-ZA-T30,FPQ-13973,SCMS-238570,ASN-30715,South Africa,PMO - US,Direct Drop,DDP,Truck,4/30/2014,5/8/2014,16-Feb-15,16-Feb-15,16-Feb-15,ARV,Pediatric,PHARMACY DIRECT,"Lopinavir/Ritonavir 80/20mg/ml [Kaletra], oral solution, cool, Bottle 5 x 60 ml",Lopinavir/Ritonavir,Kaletra,80/20mg/ml,Oral solution,300,3,66.2,22.07,0.07,ABBVIE (Abbott) Logis. UK,Yes,Weight Captured Separately,Freight Included in Commodity Cost,0.07
33441,108-VN-T30,FPQ-14516,SCMS-251680,ASN-29384,Vietnam,PMO - US,Direct Drop,EXW,Air,7/9/2014,8/11/2014,24-Dec-14,24-Dec-14,24-Dec-14,ARV,Adult,HETERO LABS LIMITED,"Tenofovir Disoproxil Fumarate 300mg, tablets, 30 Tabs",Tenofovir Disoproxil Fumarate,Generic,300mg,Tablet,30,6000,21300.0,3.55,0.12,Hetero Unit III Hyderabad IN,Yes,2490,4545.64,21.9
85870,151-NG-T30,FPQ-8952,SO-41257,DN-2706,Nigeria,PMO - US,From RDC,N/A - From RDC,Air Charter,12/8/2011,N/A - From RDC,20-Jun-12,3-Jun-12,3-Jun-12,ARV,Adult,SCMS from RDC,"Lamivudine 150mg, tablets, 60 Tabs",Lamivudine,Generic,150mg,Tablet,60,22100,51493.0,2.33,0.04,"Strides, Bangalore, India.",No,See DN-2706 (ID#:85272),See DN-2706 (ID#:85272),72.19
74915,108-VN-T30,FPQ-6818,SCMS-98050,ASN-11023,Vietnam,PMO - US,Direct Drop,EXW,Air,1/17/2011,2/15/2011,22-Jun-11,22-Jun-11,22-Jun-11,ARV,Adult,MYLAN LABORATORIES LTD (FORMERLY MATRIX LABORATORIES),"Lamivudine/Zidovudine 150/300mg, tablets, 60 Tabs",Lamivudine/Zidovudine,Generic,150/300mg,Tablet - FDC,60,19930,164422.5,8.25,0.14,Mylan (formerly Matrix) Nashik,No,See ASN-11023 (ID#:37963),See ASN-11023 (ID#:37963),271.3
38573,116-ZA-T30,FPQ-5535,SCMS-71490,ASN-7428,South Africa,PMO - US,Direct Drop,DDP,Truck,4/19/2010,4/21/2010,11-Jun-10,11-Jun-10,11-Jun-10,ARV,Adult,S. BUYS WHOLESALER,"Ritonavir 100mg [Norvir], capsules, cool, 84 Caps",Ritonavir,Norvir,100mg,Capsule,84,30,330.11,11.0,0.13,ABBVIE (Abbott) Logis. UK,No,Weight Captured Separately,Freight Included in Commodity Cost,0.71
29259,110-ZM-T30,FPQ-12252,SCMS-189240,ASN-20475,Zambia,PMO - US,Direct Drop,EXW,Air,5/2/2013,5/22/2013,5-Aug-13,5-Aug-13,5-Aug-13,HRDT,HIV test,"Orgenics, Ltd","HIV 1/2, Determine Complete HIV Kit, 100 Tests","HIV 1/2, Determine Complete HIV Kit",Determine,,Test kit,100,2906,232480.0,80.0,0.8,"Alere Medical Co., Ltd.",Yes,1204,19587.34,287.58
76270,107-RW-T30,FPQ-8263,SCMS-119640,ASN-12455,Rwanda,PMO - US,Direct Drop,EXW,Air,8/19/2011,8/29/2011,4-Nov-11,4-Nov-11,4-Nov-11,HRDT,HIV test,"Orgenics, Ltd","HIV 1/2, Determine HIV Kit, without Lancets, 100 Tests","HIV 1/2, Determine HIV Kit, without Lancets",Determine,,Test kit,100,2530,196581.0,77.7,0.78,Inverness Japan,Yes,575,26849.57,324.36
3378,111-MZ-T01,Pre-PQ Process,SCMS-29460,ASN-3047,Mozambique,PMO - US,Direct Drop,FCA,Air,Pre-PQ Process,8/29/2008,17-Feb-09,17-Feb-09,17-Feb-09,HRDT,HIV test,Abbott GmbH & Co. KG,"HIV 1/2, Determine Complete HIV Kit, 100 Tests","HIV 1/2, Determine Complete HIV Kit",Determine,,Test kit,100,1000,80000.0,80.0,0.8,ABBVIE GmbH & Co.KG Wiesbaden,Yes,337,3499.18,156.8
41953,108-VN-T30,FPQ-7427,SCMS-105520,ASN-12083,Vietnam,PMO - US,Direct Drop,EXW,Air,3/31/2011,4/14/2011,19-Oct-11,19-Oct-11,19-Oct-11,ARV,Adult,HETERO LABS LIMITED,"Stavudine 30mg, capsules, 60 Caps",Stavudine,Generic,30mg,Capsule,60,40000,58000.0,1.45,0.02,Hetero Unit III Hyderabad IN,Yes,2343,12751.68,95.7
26131,110-ZM-T30,FPQ-8315,SCMS-120583,ASN-16493,Zambia,PMO - US,Direct Drop,EXW,Air,8/31/2011,9/19/2011,17-Oct-12,17-Oct-12,17-Oct-12,HRDT,HIV test,"Trinity Biotech, Plc","HIV 1/2, Uni-Gold HIV Kit, 20 Tests","HIV 1/2, Uni-Gold HIV Kit",Uni-Gold,,Test kit,20,3640,116480.0,32.0,1.6,"Trinity Biotech, Plc",Yes,1213,15504.42,192.19
83091,104-CI-T30,FPQ-9749,SO-42372,DN-2932,Côte d'Ivoire,PMO - US,From RDC,N/A - From RDC,Truck,4/19/2012,N/A - From RDC,15-Dec-12,26-Nov-12,26-Nov-12,ARV,Pediatric,SCMS from RDC,"Lamivudine/Zidovudine 30/60mg, tablets, 60 Tabs",Lamivudine/Zidovudine,Generic,30/60mg,Tablet - FDC,60,10080,27820.8,2.76,0.05,Mylan (formerly Matrix) Nashik,Yes,5466,19079.68,39.0
11300,123-NG-T01,Pre-PQ Process,SO-19060,DN-1058,Nigeria,PMO - US,From RDC,N/A - From RDC,Air,Pre-PQ Process,N/A - From RDC,19-Jan-09,19-Jan-09,19-Jan-09,ARV,Adult,SCMS from RDC,"Lamivudine/Zidovudine 150/300mg, tablets, 60 Tabs",Lamivudine/Zidovudine,Generic,150/300mg,Tablet - FDC,60,45000,420750.0,9.35,0.16,"Aurobindo Unit III, India",No,See DN-1058 (ID#:11015),See DN-1058 (ID#:11015),824.67
83630,109-TZ-T30,FPQ-9774,SO-42650,DN-2883,Tanzania,PMO - US,From RDC,N/A - From RDC,Truck,5/2/2012,N/A - From RDC,30-Nov-12,31-Oct-12,31-Oct-12,ARV,Adult,SCMS from RDC,"Lopinavir/Ritonavir 200/50mg, tablets, 120 Tabs",Lopinavir/Ritonavir,Generic,200/50mg,Tablet,120,22920,611964.0,26.7,0.22,Mylan (formerly Matrix) Nashik,Yes,12181,7134.39,857.97
5657,114-UG-T01,Pre-PQ Process,SCMS-18900,ASN-1543,Uganda,PMO - US,Direct Drop,EXW,Air,Pre-PQ Process,3/14/2008,2-Jun-08,2-Jun-08,2-Jun-08,HRDT,HIV test,"CHEMBIO DIAGNOSTIC SYSTEMS, INC.","HIV 1/2, Stat-Pak HIV, Kit, 20 Tests","HIV 1/2, Stat-Pak HIV, Kit",Stat-Pak,,Test kit,20,1275,34425.0,27.0,1.35,Chembio Diagnostics Sys. Inc.,Yes,483,4193.88,55.08
45640,116-ZA-T30,FPQ-12522,SCMS-199281,ASN-24455,South Africa,PMO - US,Direct Drop,DDP,Truck,7/11/2013,8/13/2013,10-Feb-14,10-Feb-14,10-Feb-14,ARV,Pediatric,"RAININ INSTRUMENT, LLC.","Lopinavir/Ritonavir 80/20mg/ml [Kaletra], oral solution, cool, Bottle 5 x 60 ml",Lopinavir/Ritonavir,Kaletra,80/20mg/ml,Oral solution,300,2,46.9,23.45,0.08,ABBVIE (Abbott) Logis. UK,Yes,Weight Captured Separately,Freight Included in Commodity Cost,0.06
83502,200-ZW-T30,FPQ-6483,SO-37880,DN-2203,Zimbabwe,PMO - US,From RDC,N/A - From RDC,Truck,10/13/2010,N/A - From RDC,31-May-11,13-Jun-11,13-Jun-11,ARV,Pediatric,SCMS from RDC,"Efavirenz 200mg, capsule, 90 Caps",Efavirenz,Generic,200mg,Capsule,90,1152,11185.92,9.71,0.11,"Aurobindo Unit III, India",No,See DN-2203 (ID#:82949),See DN-2203 (ID#:82949),24.12
10947,109-TZ-T01,Pre-PQ Process,SO-2662,DN-758,Tanzania,PMO - US,From RDC,N/A - From RDC,Air,Pre-PQ Process,N/A - From RDC,9-Jul-08,9-Jul-08,9-Jul-08,ARV,Adult,SCMS from RDC,"Lamivudine 150mg, tablets, 60 Tabs",Lamivudine,Generic,150mg,Tablet,60,11181,32536.71,2.91,0.05,"Aurobindo Unit III, India",Yes,566,3594.6,52.06
56496,105-GY-T30,FPQ-11562,SCMS-180010,ASN-18895,Guyana,PMO - US,Direct Drop,EXW,Air,2/7/2013,3/6/2013,18-Apr-13,18-Apr-13,18-Apr-13,ARV,Pediatric,MICRO LABS LIMITED,"Efavirenz 50mg, capsule, 30 Caps",Efavirenz,Generic,50mg,Capsule,30,65,130.0,2.0,0.07,"Micro labs, Verna, Goa, India",Yes,4,783.21,0.16
59624,116-ZA-T30,FPQ-12522,SCMS-199280,ASN-24433,South Africa,PMO - US,Direct Drop,DDP,Truck,7/11/2013,8/13/2013,7-Feb-14,7-Feb-14,7-Feb-14,ARV,Adult,S. BUYS WHOLESALER,"Didanosine 250mg, delayed-release capsules, 30 Caps",Didanosine,Generic,250mg,Delayed-release capsules,30,5,84.1,16.82,0.56,"Aurobindo Unit III, India",No,Weight Captured Separately,Freight Included in Commodity Cost,0.1
44183,116-ZA-T30,FPQ-4359,SCMS-54980,ASN-5373,South Africa,PMO - US,Direct Drop,DDP,Truck,10/8/2009,10/15/2009,19-Oct-09,19-Oct-09,19-Oct-09,ARV,Adult,S. BUYS WHOLESALER,"Didanosine EC 250mg [Videx EC], delayed-release capsules, Blister 3 x 10 Caps",Didanosine EC,Videx EC,250mg,Delayed-release capsules - blister,30,60,1327.39,22.12,0.74,"BMS Meymac, France",No,Weight Captured Separately,Freight Included in Commodity Cost,2.6
10692,125-HT-T01,Pre-PQ Process,SO-1291,DN-686,Haiti,PMO - US,From RDC,N/A - From RDC,Air,Pre-PQ Process,N/A - From RDC,3-Apr-08,3-Apr-08,3-Apr-08,HRDT,HIV test,SCMS from RDC,"HIV 1/2, Determine HIV Kit, without Lancets, 100 Tests","HIV 1/2, Determine HIV Kit, without Lancets",Determine,,Test kit,100,10,720.0,72.0,0.72,Inverness Japan,No,See DN-686 (ID#:10691),See DN-686 (ID#:10691),1.15
43045,109-TZ-T30,FPQ-7239,SCMS-102030,ASN-10560,Tanzania,PMO - US,Direct Drop,EXW,Air,2/25/2011,3/23/2011,6-Jun-11,6-Jun-11,6-Jun-11,HRDT,HIV test,"Standard Diagnostics, Inc.","HIV 1/2, Bioline 3.0 Kit, Lancets, Capillary pipets, Alcohol swabs included, 25 Tests","HIV 1/2, Bioline 3.0 Kit, Lancets, Capillary pipets, Alcohol swabs included",Bioline,,Test kit,25,3399,67980.0,20.0,0.8,"Standard Diagnostics, Korea",Yes,1133,8509.57,112.17
1927,116-ZA-T01,Pre-PQ Process,SCMS-26820,ASN-2488,South Africa,PMO - US,Direct Drop,DDP,Truck,Pre-PQ Process,Date Not Captured,10-Jul-08,8-Jul-08,8-Jul-08,ARV,Pediatric,S. BUYS WHOLESALER,"Efavirenz 50mg [Stocrin/Sustiva], capsule, 30 Caps",Efavirenz,Stocrin/Sustiva,50mg,Capsule,30,250,715.0,2.86,0.1,"MSD Midrand, J'burg, SA",No,Weight Captured Separately,Freight Included in Commodity Cost,1.14
83991,151-NG-T30,FPQ-4537,SO-35096,DN-1746,Nigeria,PMO - US,From RDC,N/A - From RDC,Air Charter,11/6/2009,N/A - From RDC,19-Apr-10,31-Mar-10,31-Mar-10,ARV,Adult,SCMS from RDC,"Zidovudine 300mg, tablets, 60 Tabs",Zidovudine,Generic,300mg,Tablet,60,905,6787.5,7.5,0.12,Mylan (formerly Matrix) Nashik,Yes,47,Freight Included in Commodity Cost,14.63
29298,108-VN-T30,FPQ-4720,SCMS-62470,ASN-6341,Vietnam,PMO - US,Direct Drop,EXW,Air,1/4/2009,1/12/2010,1-Apr-10,1-Apr-10,1-Apr-10,ARV,Adult,MYLAN LABORATORIES LTD (FORMERLY MATRIX LABORATORIES),"Abacavir 300mg, tablets, 60 Tabs",Abacavir,Generic,300mg,Tablet,60,800,14000.0,17.5,0.29,Mylan (formerly Matrix) Nashik,Yes,3002,6808.99,30.18
11520,117-ET-T01,Pre-PQ Process,SO-1512,DN-517,Ethiopia,PMO - US,From RDC,N/A - From RDC,Air,Pre-PQ Process,N/A - From RDC,14-Dec-07,14-Dec-07,14-Dec-07,ARV,Adult,SCMS from RDC,"Tenofovir Disoproxil Fumarate 300mg [Viread], tablets, 30 Tabs",Tenofovir Disoproxil Fumarate,Viread,300mg,Tablet,30,535,9095.0,17.0,0.57,Gilead(Nycomed) Oranienburg DE,Yes,33,755.5,14.55
10504,119-NA-T01,Pre-PQ Process,SCMS-47150,ASN-4310,Namibia,PMO - US,Direct Drop,EXW,Air,Pre-PQ Process,6/4/2009,29-Jun-09,29-Jun-09,29-Jun-09,HRDT,HIV test,"Trinity Biotech, Plc","HIV 1/2, Uni-Gold HIV Kit, 20 Tests","HIV 1/2, Uni-Gold HIV Kit",Uni-Gold,,Test kit,20,120,3840.0,32.0,1.6,"Trinity Biotech, Plc",Yes,41,1862.27,7.53
7728,116-ZA-T01,Pre-PQ Process,SCMS-41050,ASN-3635,South Africa,PMO - US,Direct Drop,DDP,Air,Pre-PQ Process,Date Not Captured,21-Apr-09,5-Dec-08,5-Dec-08,ARV,Pediatric,S. BUYS WHOLESALER,"Efavirenz 50mg, capsule, 30 Caps",Efavirenz,Generic,50mg,Capsule,30,144,440.64,3.06,0.1,"Aurobindo Unit III, India",No,See ASN-3635 (ID#:3745),See ASN-3635 (ID#:3745),0.86
10813,110-ZM-T01,Pre-PQ Process,SO-232,DN-89,Zambia,PMO - US,From RDC,N/A - From RDC,,Pre-PQ Process,N/A - From RDC,4-May-07,4-May-07,4-May-07,HRDT,HIV test,SCMS from RDC,"HIV 1/2, Uni-Gold HIV Kit, 20 Tests","HIV 1/2, Uni-Gold HIV Kit",Uni-Gold,,Test kit,20,1500,48000.0,32.0,1.6,"Trinity Biotech, Plc",Yes,580,4965.24,
12207,102-KE-T01,Pre-PQ Process,SO-2692,DN-760,Kenya,PMO - US,From RDC,N/A - From RDC,Truck,Pre-PQ Process,N/A - From RDC,26-May-08,26-May-08,26-May-08,HRDT,HIV test,SCMS from RDC,"HIV 1/2, Determine HIV Kit, without Lancets, 100 Tests","HIV 1/2, Determine HIV Kit, without Lancets",Determine,,Test kit,100,1000,79990.0,79.99,0.8,Inverness Japan,Yes,Weight Captured Separately,Invoiced Separately,127.98
84446,110-ZM-T30,FPQ-14784,SO-49580,DN-4110,Zambia,PMO - US,From RDC,N/A - From RDC,Truck,8/12/2014,N/A - From RDC,28-Feb-15,19-Feb-15,20-Feb-15,ARV,Pediatric,SCMS from RDC,"Lamivudine/Zidovudine 30/60mg, dispersible tablets, 60 Tabs",Lamivudine/Zidovudine,Generic,30/60mg,Chewable/dispersible tablet - FDC,60,4000,7960.0,1.99,0.03,"Mylan,  H-12 & H-13, India",Yes,312,274.51,8.18
83637,111-MZ-T30,FPQ-10210,SO-42850,DN-2928,Mozambique,PMO - US,From RDC,N/A - From RDC,Truck,6/28/2012,N/A - From RDC,11-Jan-13,11-Jan-13,11-Jan-13,ARV,Adult,SCMS from RDC,"Nevirapine 200mg, tablets, 60 Tabs",Nevirapine,Generic,200mg,Tablet,60,1890,4573.8,2.42,0.04,"Aurobindo Unit III, India",Yes,4145,7433.02,6.41
85130,114-UG-T30,FPQ-5239,SO-36131,DN-1943,Uganda,PMO - US,From RDC,N/A - From RDC,Air,3/2/2010,N/A - From RDC,4-Aug-10,19-Jul-10,19-Jul-10,ARV,Adult,SCMS from RDC,"Emtricitabine/Tenofovir Disoproxil Fumarate 200/300mg, tablets, 30 Tabs",Emtricitabine/Tenofovir Disoproxil Fumarate,Generic,200/300mg,Tablet - FDC,30,2500,29375.0,11.75,0.39,Mylan (formerly Matrix) Nashik,No,See DN-1943 (ID#:83443),See DN-1943 (ID#:83443),63.33
9331,108-VN-T01,Pre-PQ Process,SCMS-749,ASN-737,Vietnam,PMO - US,Direct Drop,EXW,Air,Pre-PQ Process,7/3/2007,2-Oct-07,2-Oct-07,2-Oct-07,ARV,Adult,Aurobindo Pharma Limited,"Lamivudine/Nevirapine/Zidovudine 150/200/300mg, tablets, 60 Tabs",Lamivudine/Nevirapine/Zidovudine,Generic,150/300/200mg,Tablet - FDC,60,7000,94500.0,13.5,0.22,"Aurobindo Unit III, India",No,See ASN-737 (ID#:2765),See ASN-737 (ID#:2765),151.2
10593,104-CI-T01,Pre-PQ Process,SO-959,DN-320,Côte d'Ivoire,PMO - US,From RDC,N/A - From RDC,,Pre-PQ Process,N/A - From RDC,30-Aug-07,30-Aug-07,30-Aug-07,ARV,Adult,SCMS from RDC,"Stavudine 30mg, capsules, 60 Caps",Stavudine,Generic,30mg,Capsule,60,1796,2729.92,1.52,0.03,"Strides, Bangalore, India.",Yes,5880,14656,4.37
24048,101-CD-T30,FPQ-14654,SCMS-253260,ASN-28279,"Congo, DRC",PMO - US,Direct Drop,EXW,Air,8/11/2014,8/27/2014,4-Nov-14,4-Nov-14,20-Nov-14,HRDT,HIV test,"Trinity Biotech, Plc","HIV 1/2, Uni-Gold HIV Kit, 20 Tests","HIV 1/2, Uni-Gold HIV Kit",Uni-Gold,,Test kit,20,353,11296.0,32.0,1.6,"Trinity Biotech, Plc",No,See ASN-28279 (ID#:13547),See ASN-28279 (ID#:13547),11.61
83651,114-UG-T30,FPQ-11143,SO-43961,DN-3001,Uganda,PMO - US,From RDC,N/A - From RDC,Air,12/13/2012,N/A - From RDC,22-Feb-13,20-Feb-13,20-Feb-13,ARV,Adult,SCMS from RDC,"Efavirenz 600mg, tablets, 30 Tabs",Efavirenz,Generic,600mg,Tablet,30,24966,88878.96,3.56,0.12,"Strides, Bangalore, India.",Yes,5391,28382.05,109.94
84243,104-CI-T30,FPQ-10633,SO-43330,DN-3075,Côte d'Ivoire,PMO - US,From RDC,N/A - From RDC,Truck,9/11/2012,N/A - From RDC,28-Mar-13,30-Mar-13,30-Mar-13,ARV,Adult,SCMS from RDC,"Lamivudine/Nevirapine/Zidovudine 150/200/300mg, tablets, 60 Tabs",Lamivudine/Nevirapine/Zidovudine,Generic,150/300/200mg,Tablet - FDC,60,38722,332234.76,8.58,0.14,"Cipla, Goa, India",No,See DN-3075 (ID#:83129),See DN-3075 (ID#:83129),465.79
11017,114-UG-T01,Pre-PQ Process,SO-17780,DN-995,Uganda,PMO - US,From RDC,N/A - From RDC,Air,Pre-PQ Process,N/A - From RDC,2-Dec-08,2-Dec-08,2-Dec-08,ARV,Adult,SCMS from RDC,"Lamivudine 150mg, tablets, 60 Tabs",Lamivudine,Generic,150mg,Tablet,60,500,1450.0,2.9,0.05,"Aurobindo Unit III, India",Yes,26,1096.71,2.84
56996,100-ZW-T30,FPQ-5018,SCMS-65350,ASN-6753,Zimbabwe,PMO - US,Direct Drop,EXW,Air,2/2/2010,2/17/2010,20-May-10,31-May-10,31-May-10,HRDT,HIV test,"Orgenics, Ltd","HIV 1/2, Determine Complete HIV Kit, 100 Tests","HIV 1/2, Determine Complete HIV Kit",Determine,,Test kit,100,2450,176400.0,72.0,0.72,Inverness Japan,Yes,1183,21170.3,380.32
83607,151-NG-T30,FPQ-9432,SO-42803,DN-2769,Nigeria,PMO - US,From RDC,N/A - From RDC,Air Charter,3/1/2012,N/A - From RDC,2-Aug-12,24-Jul-12,24-Jul-12,ARV,Adult,SCMS from RDC,"Lamivudine/Tenofovir Disoproxil Fumarate 300/300mg, tablets, 30 Tabs",Lamivudine/Tenofovir Disoproxil Fumarate,Generic,300/300mg,Tablet - FDC,30,1161,6431.94,5.54,0.18,"Cipla, Kurkumbh, India",Yes,2566,16532.5,9.02
82391,110-ZM-T30,FPQ-7233,SO-39031,DN-2289,Zambia,PMO - US,From RDC,N/A - From RDC,Air,3/1/2011,N/A - From RDC,15-Aug-11,18-Jul-11,18-Jul-11,ARV,Adult,SCMS from RDC,"Emtricitabine/Tenofovir Disoproxil Fumarate 200/300mg, tablets, 30 Tabs",Emtricitabine/Tenofovir Disoproxil Fumarate,Generic,200/300mg,Tablet - FDC,30,10015,109363.8,10.92,0.36,Mylan (formerly Matrix) Nashik,Yes,846,3798.73,180.45
85123,114-UG-T30,FPQ-5239,SO-36132,DN-1858,Uganda,PMO - US,From RDC,N/A - From RDC,Air,3/2/2010,N/A - From RDC,30-Jun-10,15-Jun-10,15-Jun-10,ARV,Adult,SCMS from RDC,"Nevirapine 200mg, tablets, 60 Tabs",Nevirapine,Generic,200mg,Tablet,60,2500,6825.0,2.73,0.05,"Strides, Bangalore, India.",Yes,132,3661.42,14.71
57493,104-CI-T30,FPQ-5544,SCMS-71910,ASN-7323,Côte d'Ivoire,PMO - US,Direct Drop,CIP,Air,4/19/2010,4/26/2010,6-Jul-10,6-Jul-10,6-Jul-10,ARV,Pediatric,BRISTOL-MYERS SQUIBB,"Didanosine 50mg [Videx], chewable tablets, 60 Tabs",Didanosine,Videx,50mg,Chewable/dispersible tablet,60,2000,19000.0,9.5,0.16,"BMS Meymac, France",Yes,391,830.05,40.96
82394,113-ZW-T30,FPQ-6470,SO-37843,DN-2300,Zimbabwe,PMO - US,From RDC,N/A - From RDC,Truck,10/13/2010,N/A - From RDC,6-Sep-11,5-Sep-11,5-Sep-11,ARV,Adult,SCMS from RDC,"Lamivudine/Tenofovir Disoproxil Fumarate 300/300mg, tablets, 30 Tabs",Lamivudine/Tenofovir Disoproxil Fumarate,Generic,300/300mg,Tablet - FDC,30,10114,87283.82,8.63,0.29,Mylan (formerly Matrix) Nashik,Yes,1019,4969.87,188.18
81521,161-ZA-T30,FPQ-6262,SCMS-84210,ASN-9694,South Africa,PMO - US,Direct Drop,DDP,Ocean,8/31/2010,9/21/2010,9-Feb-11,14-Mar-11,14-Mar-11,ARV,Adult,CIPLA LIMITED,"Tenofovir Disoproxil Fumarate 300mg, tablets, 30 Tabs",Tenofovir Disoproxil Fumarate,Generic,300mg,Tablet,30,57577,404766.31,7.03,0.23,"Cipla, Goa, India",Yes,3950,6639.35,872.68
68572,109-TZ-T30,FPQ-13569,SCMS-225820,ASN-25604,Tanzania,PMO - US,Direct Drop,EXW,Air,1/21/2014,2/14/2014,27-May-14,27-May-14,28-May-14,ARV,Adult,MYLAN LABORATORIES LTD (FORMERLY MATRIX LABORATORIES),"Atazanavir/Ritonavir 300/100mg, tablets, 30 Tabs",Atazanavir/Ritonavir,Generic,300/100mg,Tablet,30,10565,211300.0,20.0,0.67,Mylan (formerly Matrix) Nashik,Yes,1412,6758.01,217.22
50893,161-ZA-T30,FPQ-6708,SCMS-93470,ASN-11007,South Africa,PMO - US,Direct Drop,DDP,Air,11/26/2010,12/14/2010,11-Jul-11,11-Jul-11,11-Jul-11,ARV,Pediatric,GLAXOSMITHKLINE EXPORT LIMITED,"Abacavir 20mg/ml [Ziagen], oral solution, Bottle, 240 ml",Abacavir,Ziagen,20mg/ml,Oral solution,240,32000,320640.0,10.02,0.04,GSK Mississauga (Canada),Yes,12374,11865.62,529.06
36913,102-GY-T30,FPQ-5496,SCMS-71600,ASN-7378,Guyana,PMO - US,Direct Drop,EXW,Air,4/15/2010,6/21/2010,27-Jul-10,27-Jul-10,27-Jul-10,HRDT,HIV test,"Trinity Biotech, Plc","HIV 1/2, Uni-Gold HIV Kit, 20 Tests","HIV 1/2, Uni-Gold HIV Kit",Uni-Gold,,Test kit,20,1470,47040.0,32.0,1.6,"Trinity Biotech, Plc",Yes,500,5255.14,101.42
13886,114-UG-T30,FPQ-12290,SCMS-192080,ASN-22594,Uganda,PMO - US,Direct Drop,CIP,Air,5/17/2013,7/3/2013,20-Nov-13,20-Nov-13,21-Nov-13,ARV,Adult,ASPEN PHARMACARE,"Etravirine 100mg [Intelence], tablets, 120 Tabs",Etravirine,Intelence,100mg,Tablet,120,108,3888.0,36.0,0.3,"Janssen-Cilag, Latina, IT",Yes,22,265,4.81
84132,101-CD-T30,FPQ-8840,SO-41132,DN-2494,"Congo, DRC",PMO - US,From RDC,N/A - From RDC,Air,11/21/2011,N/A - From RDC,16-Mar-12,14-Feb-12,14-Feb-12,ARV,Adult,SCMS from RDC,"Abacavir 300mg, tablets, 60 Tabs",Abacavir,Generic,300mg,Tablet,60,20,292.6,14.63,0.24,Mylan (formerly Matrix) Nashik,No,See DN-2494 (ID#:82433),See DN-2494 (ID#:82433),0.41
11536,112-NG-T01,Pre-PQ Process,SO-2726,DN-800,Nigeria,PMO - US,From RDC,N/A - From RDC,Air,Pre-PQ Process,N/A - From RDC,19-Jun-08,19-Jun-08,19-Jun-08,ARV,Adult,SCMS from RDC,"Stavudine 30mg, capsules, 60 Caps",Stavudine,Generic,30mg,Capsule,60,154,238.7,1.55,0.03,"Aurobindo Unit III, India",No,See DN-800 (ID#:10953),See DN-800 (ID#:10953),0.38
76827,900-LR-T30,FPQ-7996,SCMS-115340,ASN-11741,Liberia,PMO - US,Direct Drop,EXW,Air,7/12/2011,7/20/2011,2-Sep-11,2-Sep-11,2-Sep-11,HRDT,HIV test,"Trinity Biotech, Plc","HIV 1/2, Uni-Gold HIV Kit, 20 Tests","HIV 1/2, Uni-Gold HIV Kit",Uni-Gold,,Test kit,20,50,1600.0,32.0,1.6,"Trinity Biotech, Plc",Yes,17,515.11,2.64
47495,900-SZ-T30,FPQ-8386,SCMS-122630,ASN-13382,Swaziland,PMO - US,Direct Drop,EXW,Ocean,9/14/2011,9/22/2011,19-Mar-12,19-Mar-12,19-Mar-12,ARV,Adult,Aurobindo Pharma Limited,"Lamivudine/Zidovudine+Efavirenz 150/300mg+600mg, tablets, co-blister 60+30 Tabs",Lamivudine/Zidovudine+Efavirenz,Generic,150/300mg+600mg,Tablet - FDC + co-blister,90,46855,637228.0,13.6,0.15,"Aurobindo Unit III, India",Yes,7712,13491.19,1051.43
72256,106-HT-T30,FPQ-15038,SCMS-262840,ASN-31822,Haiti,PMO - US,Direct Drop,EXW,Ocean,10/22/2014,12/24/2014,3-Jul-15,3-Jul-15,13-Jul-15,ARV,Pediatric,MYLAN LABORATORIES LTD (FORMERLY MATRIX LABORATORIES),"Lamivudine/Nevirapine/Zidovudine 30/50/60mg, dispersible tablets, 60 Tabs",Lamivudine/Nevirapine/Zidovudine,Generic,30/50/60mg,Chewable/dispersible tablet - FDC,60,6500,22750.0,3.5,0.06,Mylan (formerly Matrix) Nashik,Yes,Weight Captured Separately,Invoiced Separately,23.39
75671,106-HT-T30,FPQ-12590,SCMS-210470,ASN-24371,Haiti,PMO - US,Direct Drop,EXW,Ocean,8/21/2013,10/24/2013,9-May-14,9-May-14,12-May-14,ARV,Pediatric,Aurobindo Pharma Limited,"Efavirenz 50mg, capsule, 30 Caps",Efavirenz,Generic,50mg,Capsule,30,2688,4193.28,1.56,0.05,"Aurobindo Unit III, India",Yes,154,2520.54,5.19
82349,117-ET-T30,FPQ-5668,SO-36812,DN-2007,Ethiopia,PMO - US,From RDC,N/A - From RDC,Air,5/7/2010,N/A - From RDC,30-Aug-10,13-Sep-10,13-Sep-10,ARV,Adult,SCMS from RDC,"Lamivudine 150mg, tablets, 60 Tabs",Lamivudine,Generic,150mg,Tablet,60,2000,4660.0,2.33,0.04,"Aurobindo Unit III, India",Yes,84,530.36,10.05
86684,105-GY-T30,FPQ-13567,SO-47721,DN-3716,Guyana,PMO - US,From RDC,N/A - From RDC,Air,1/16/2014,N/A - From RDC,30-May-14,4-Jun-14,18-Jul-14,ARV,Pediatric,SCMS from RDC,"Efavirenz 200mg, scored tablets, 90 Tabs",Efavirenz,Generic,200mg,Tablet,90,75,697.5,9.3,0.1,"Strides, Bangalore, India.",Yes,5,908.65,0.72
69925,127-KE-T30,FPQ-8155,SCMS-119170,ASN-12443,Kenya,PMO - US,Direct Drop,EXW,Air,8/5/2011,8/29/2011,31-Oct-11,31-Oct-11,31-Oct-11,HRDT,HIV test,"Standard Diagnostics, Inc.","HIV 1/2, Bioline 3.0 Kit, Lancets, Capillary pipets, Alcohol swabs included, 25 Tests","HIV 1/2, Bioline 3.0 Kit, Lancets, Capillary pipets, Alcohol swabs included",Bioline,,Test kit,25,15304,306080.0,20.0,0.8,"Standard Diagnostics, Korea",Yes,5102,33718.08,505.03
11936,106-HT-T01,Pre-PQ Process,SO-15930,DN-944,Haiti,PMO - US,From RDC,N/A - From RDC,Air,Pre-PQ Process,N/A - From RDC,4-Nov-08,4-Nov-08,4-Nov-08,ARV,Adult,SCMS from RDC,"Stavudine 30mg, capsules, 60 Caps",Stavudine,Generic,30mg,Capsule,60,12000,18600.0,1.55,0.03,"Aurobindo Unit III, India",No,See DN-944 (ID#:11012),See DN-944 (ID#:11012),36.46
83023,114-UG-T30,FPQ-9354,SO-41630,DN-2603,Uganda,PMO - US,From RDC,N/A - From RDC,Air,2/20/2012,N/A - From RDC,3-May-12,27-Mar-12,27-Mar-12,ARV,Adult,SCMS from RDC,"Nevirapine 200mg, tablets, 60 Tabs",Nevirapine,Generic,200mg,Tablet,60,5924,14869.24,2.51,0.04,"Strides, Bangalore, India.",Yes,1421,4322.6,20.85
1048,106-HT-T01,Pre-PQ Process,SCMS-40030,ASN-3750,Haiti,PMO - US,Direct Drop,FCA,Air,Pre-PQ Process,3/6/2009,15-Apr-09,15-Apr-09,15-Apr-09,ARV,Pediatric,ABBVIE LOGISTICS (FORMERLY ABBOTT LOGISTICS BV),"Lopinavir/Ritonavir 100/25mg [Aluvia], tablets, 60 Tabs",Lopinavir/Ritonavir,Generic,100/25mg,Tablet,60,46,472.88,10.28,0.17,ABBVIE Ludwigshafen Germany,Yes,10,893.22,0.93
83424,151-NG-T30,FPQ-4537,SO-35082,DN-1804,Nigeria,PMO - US,From RDC,N/A - From RDC,Air Charter,11/6/2009,N/A - From RDC,31-May-10,18-May-10,18-May-10,ARV,Adult,SCMS from RDC,"Lamivudine/Tenofovir Disoproxil Fumarate 300/300mg, tablets, 30 Tabs",Lamivudine/Tenofovir Disoproxil Fumarate,Generic,300/300mg,Tablet - FDC,30,22826,228260.0,10.0,0.33,Mylan (formerly Matrix) Nashik,Yes,2500,9736.1,492.13
84942,109-TZ-T30,FPQ-13042,SO-46701,DN-3762,Tanzania,PMO - US,From RDC,N/A - From RDC,Air,10/1/2013,N/A - From RDC,31-Jul-14,25-Sep-14,6-Oct-14,ARV,Pediatric,SCMS from RDC,"Nevirapine 10mg/ml, oral suspension w/syringe, Bottle, 100 ml",Nevirapine,Generic,10mg/ml,Oral suspension,100,28464,37003.2,1.3,0.01,"Aurobindo Unit III, India",No,See DN-3762 (ID#:82685),See DN-3762 (ID#:82685),45.77
2796,119-NA-T01,Pre-PQ Process,SCMS-10360,ASN-658,Namibia,PMO - US,Direct Drop,EXW,Air,Pre-PQ Process,7/31/2007,29-Aug-07,29-Aug-07,29-Aug-07,HRDT,HIV test,"Orgenics, Ltd","HIV 1/2, Clearview Complete Kit, 25 Tests","HIV 1/2, Clearview Complete Kit",Clearview,,Test kit,25,150,11250.0,75.0,3.0,Not Applicable,Yes,Weight Captured Separately,Invoiced Separately,18.0
12601,110-ZM-T01,Pre-PQ Process,SO-31951,DN-1362,Zambia,PMO - US,From RDC,N/A - From RDC,Truck,Date Not Captured,N/A - From RDC,15-Sep-09,15-Sep-09,15-Sep-09,ARV,Adult,SCMS from RDC,"Zidovudine 300mg, tablets, 60 Tabs",Zidovudine,Generic,300mg,Tablet,60,12294,94786.74,7.71,0.13,Hetero Unit III Hyderabad IN,Yes,629,8281.69,185.78
84173,151-NG-T30,FPQ-9432,SO-42332,DN-2687,Nigeria,PMO - US,From RDC,N/A - From RDC,Air Charter,3/1/2012,N/A - From RDC,2-Aug-12,3-Jun-12,3-Jun-12,ARV,Adult,SCMS from RDC,"Efavirenz 600mg, tablets, 30 Tabs",Efavirenz,Generic,600mg,Tablet,30,32562,127317.42,3.91,0.13,"Strides, Bangalore, India.",No,See DN-2687 (ID#:82480),See DN-2687 (ID#:82480),178.5
79491,106-HT-T30,FPQ-11285,SCMS-176120,ASN-19476,Haiti,PMO - US,Direct Drop,CIP,Air,1/16/2013,2/5/2013,14-May-13,14-May-13,14-May-13,ARV,Adult,MERCK SHARP & DOHME IDEA GMBH (FORMALLY MERCK SHARP & DOHME B.V.),"Raltegravir 400mg [Isentress], tablets, 60 Tabs",Raltegravir,Isentress,400mg,Tablet,60,120,6660.0,55.5,0.92,"MSD, Haarlem, NL",Yes,11,260,8.24
11240,112-NG-T01,Pre-PQ Process,SO-2726,DN-800,Nigeria,PMO - US,From RDC,N/A - From RDC,Air,Pre-PQ Process,N/A - From RDC,19-Jun-08,19-Jun-08,19-Jun-08,ARV,Adult,SCMS from RDC,"Abacavir 300mg, tablets, 60 Tabs",Abacavir,Generic,300mg,Tablet,60,4,105.2,26.3,0.44,Mylan (formerly Matrix) Nashik,No,See DN-800 (ID#:10953),See DN-800 (ID#:10953),0.17
11934,112-NG-T01,Pre-PQ Process,SO-2728,DN-917,Nigeria,PMO - US,From RDC,N/A - From RDC,Air,Pre-PQ Process,N/A - From RDC,24-Sep-08,24-Sep-08,24-Sep-08,ARV,Adult,SCMS from RDC,"Lamivudine/Zidovudine 150/300mg, tablets, 60 Tabs",Lamivudine/Zidovudine,Generic,150/300mg,Tablet - FDC,60,1054,9854.9,9.35,0.16,Mylan (formerly Matrix) Nashik,No,See DN-917 (ID#:10745),See DN-917 (ID#:10745),15.77
83548,151-NG-T30,FPQ-8364,SO-40655,DN-2463,Nigeria,PMO - US,From RDC,N/A - From RDC,Air Charter,8/29/2011,N/A - From RDC,2-Mar-12,18-Dec-11,18-Dec-11,ARV,Adult,SCMS from RDC,"Lamivudine/Zidovudine 150/300mg, tablets, 60 Tabs",Lamivudine/Zidovudine,Generic,150/300mg,Tablet - FDC,60,85919,709690.94,8.26,0.14,"Aurobindo Unit III, India",Yes,8754,15322.73,1170.99
57747,106-HT-T30,FPQ-9635,SCMS-152710,ASN-16346,Haiti,PMO - US,Direct Drop,EXW,Air,5/14/2012,7/12/2012,4-Oct-12,4-Oct-12,4-Oct-12,ARV,Pediatric,Aurobindo Pharma Limited,"Nevirapine 50mg, dispersible tablets (tablets for oral suspension), 30 Tabs",Nevirapine,Generic,50mg,Chewable/dispersible tablet,30,2891,3613.75,1.25,0.04,"Aurobindo Unit III, India",Yes,156,1887.58,5.07
12470,117-ET-T01,Pre-PQ Process,SO-1529,DN-524,Ethiopia,PMO - US,From RDC,N/A - From RDC,Air,Pre-PQ Process,N/A - From RDC,4-Feb-08,4-Feb-08,4-Feb-08,ARV,Pediatric,SCMS from RDC,"Zidovudine 10mg/ml, oral solution, Bottle, 240 ml",Zidovudine,Generic,10mg/ml,Oral solution,240,3326,7150.9,2.15,0.01,"Aurobindo Unit III, India",Yes,1225,4485.25,11.44
82565,101-CD-T30,FPQ-11054,SO-43690,DN-3098,"Congo, DRC",PMO - US,From RDC,N/A - From RDC,Air,11/16/2012,N/A - From RDC,27-Nov-13,27-Nov-13,22-Jan-14,ARV,Adult,SCMS from RDC,"Zidovudine 300mg, tablets, 60 Tabs",Zidovudine,Generic,300mg,Tablet,60,6362,43007.12,6.76,0.11,"Aurobindo Unit III, India",Yes,315,2030.96,53.2
84907,105-GY-T30,FPQ-13071,SO-46800,DN-3585,Guyana,PMO - US,From RDC,N/A - From RDC,Air,10/9/2013,N/A - From RDC,31-Mar-14,3-Apr-14,6-Jun-14,ARV,Adult,SCMS from RDC,"Zidovudine 300mg, tablets, 60 Tabs",Zidovudine,Generic,300mg,Tablet,60,803,5018.75,6.25,0.1,"Aurobindo Unit III, India",No,See DN-3585 (ID#:83223),See DN-3585 (ID#:83223),5.16
20619,109-TZ-T30,FPQ-12197,SCMS-189361,ASN-21237,Tanzania,PMO - US,Direct Drop,EXW,Air,4/30/2013,5/29/2013,16-Sep-13,16-Sep-13,16-Sep-13,HRDT,HIV test,"Standard Diagnostics, Inc.","HIV 1/2, Determine Complete HIV Kit, 100 Tests","HIV 1/2, Determine Complete HIV Kit",Determine,,Test kit,100,2500,200000.0,80.0,0.8,"Alere Medical Co., Ltd.",Yes,1036,17579.56,247.4
58850,116-ZA-T30,FPQ-14942,SCMS-259079,ASN-33851,South Africa,PMO - US,Direct Drop,DDP,Truck,9/11/2014,10/9/2014,24-Aug-15,24-Aug-15,24-Aug-15,ARV,Adult,PHARMACY DIRECT,"Lamivudine 150mg, tablets, 60 Tabs",Lamivudine,Generic,150mg,Tablet,60,123,867.36,7.05,0.12,"Aurobindo Unit III, India",No,Weight Captured Separately,Freight Included in Commodity Cost,0.89
51396,161-ZA-T30,FPQ-5648,SCMS-75650,ASN-9933,South Africa,PMO - US,Direct Drop,DDP,Ocean,6/2/2010,6/17/2010,17-Mar-11,17-Mar-11,17-Mar-11,ARV,Pediatric,Aurobindo Pharma Limited,"Lamivudine 10mg/ml, oral solution w/syringe, Bottle, 240 ml",Lamivudine,Generic,10mg/ml,Oral solution,240,11640,24676.8,2.12,0.01,"Aurobindo Unit III, India",Yes,Weight Captured Separately,Freight Included in Commodity Cost,53.2
28493,151-NG-T30,FPQ-4949,SCMS-65000,ASN-6271,Nigeria,PMO - US,Direct Drop,FCA,Air,1/25/2010,2/10/2010,15-Mar-10,15-Mar-10,15-Mar-10,ARV,Adult,ABBVIE LOGISTICS (FORMERLY ABBOTT LOGISTICS BV),"Ritonavir 100mg [Norvir], capsules, cool, 4 x 84 Caps",Ritonavir,Norvir,100mg,Capsule,336,194,7441.84,38.36,0.11,ABBVIE (Abbott) Logis. UK,Yes,390,2818.79,16.04
10816,111-MZ-T01,Pre-PQ Process,SO-533,DN-123,Mozambique,PMO - US,From RDC,N/A - From RDC,Air,Pre-PQ Process,N/A - From RDC,18-May-07,18-May-07,18-May-07,ARV,Pediatric,SCMS from RDC,"Efavirenz 200mg [Stocrin/Sustiva], capsule, 90 Caps",Efavirenz,Stocrin/Sustiva,200mg,Capsule,90,409,13251.6,32.4,0.36,"MSD Manati, Puerto Rico, (USA)",Yes,45,348.09,
12842,114-UG-T01,Pre-PQ Process,SO-17751,DN-1077,Uganda,PMO - US,From RDC,N/A - From RDC,Air,Pre-PQ Process,N/A - From RDC,19-Feb-09,19-Feb-09,19-Feb-09,ARV,Adult,SCMS from RDC,"Lamivudine/Nevirapine/Zidovudine 150/200/300mg, tablets, 60 Tabs",Lamivudine/Nevirapine/Zidovudine,Generic,150/300/200mg,Tablet - FDC,60,14600,172280.0,11.8,0.2,"Aurobindo Unit III, India",Yes,1657,9995.55,337.67
11670,106-HT-T01,Pre-PQ Process,SO-32740,DN-1371,Haiti,PMO - US,From RDC,N/A - From RDC,Air,Date Not Captured,N/A - From RDC,31-Jul-09,31-Jul-09,31-Jul-09,ARV,Pediatric,SCMS from RDC,"Stavudine 1mg/ml, powder for oral solution, 200 ml",Stavudine,Generic,1mg/ml,Oral solution,200,400,560.0,1.4,0.01,"Aurobindo Unit III, India",Yes,39,6811.39,1.1
35252,108-VN-T30,FPQ-4720,SCMS-62460,ASN-6355,Vietnam,PMO - US,Direct Drop,EXW,Air,1/4/2009,1/12/2010,29-Mar-10,29-Mar-10,29-Mar-10,ARV,Adult,MYLAN LABORATORIES LTD (FORMERLY MATRIX LABORATORIES),"Lamivudine 150mg, tablets, 60 Tabs",Lamivudine,Generic,150mg,Tablet,60,19152,49795.2,2.6,0.04,Mylan (formerly Matrix) Nashik,No,See ASN-6355 (ID#:16828),See ASN-6355 (ID#:16828),107.36
63502,106-HT-T30,FPQ-4389,SCMS-58020,ASN-5746,Haiti,PMO - US,Direct Drop,FCA,Air,11/3/2009,11/13/2009,3-Mar-10,3-Mar-10,3-Mar-10,ARV,Pediatric,ABBVIE LOGISTICS (FORMERLY ABBOTT LOGISTICS BV),"Lopinavir/Ritonavir 100/25mg [Aluvia], tablets, 60 Tabs",Lopinavir/Ritonavir,Generic,100/25mg,Tablet,60,300,2712.0,9.04,0.15,ABBVIE Ludwigshafen Germany,Yes,37,971.8,5.85
85000,111-MZ-T30,FPQ-14226,SO-48880,DN-4032,Mozambique,PMO - US,From RDC,N/A - From RDC,Truck,5/2/2014,N/A - From RDC,2-Mar-15,2-Mar-15,9-Mar-15,ARV,Adult,SCMS from RDC,"Tenofovir Disoproxil Fumarate 300mg, tablets, 30 Tabs",Tenofovir Disoproxil Fumarate,Generic,300mg,Tablet,30,380,1436.4,3.78,0.13,Hetero Unit III Hyderabad IN,No,See DN-4032 (ID#:82757),See DN-4032 (ID#:82757),1.48
12715,104-CI-T01,Pre-PQ Process,SO-999,DN-349,Côte d'Ivoire,PMO - US,From RDC,N/A - From RDC,,Pre-PQ Process,N/A - From RDC,12-Sep-07,12-Sep-07,12-Sep-07,ARV,Adult,SCMS from RDC,"Saquinavir 200mg [Invirase], capsules, 270 Caps",Saquinavir,Invirase,200mg,Capsule,270,7,550.48,78.64,0.29,Roche Basel,No,See DN-349 (ID#:10885),See DN-349 (ID#:10885),0.88
82307,151-NG-T30,FPQ-4537,SO-35140,DN-1729,Nigeria,PMO - US,From RDC,N/A - From RDC,Air Charter,11/6/2009,N/A - From RDC,19-Apr-10,31-Mar-10,31-Mar-10,ARV,Adult,SCMS from RDC,"Tenofovir Disoproxil Fumarate 300mg, tablets, 30 Tabs",Tenofovir Disoproxil Fumarate,Generic,300mg,Tablet,30,500,4070.0,8.14,0.27,Mylan (formerly Matrix) Nashik,Yes,28,Freight Included in Commodity Cost,8.77
10880,117-ET-T01,Pre-PQ Process,SO-914,DN-332,Ethiopia,PMO - US,From RDC,N/A - From RDC,,Pre-PQ Process,N/A - From RDC,4-Sep-07,4-Sep-07,4-Sep-07,ARV,Adult,SCMS from RDC,"Stavudine 30mg, capsules, 60 Caps",Stavudine,Generic,30mg,Capsule,60,14700,22344.0,1.52,0.03,"Aurobindo Unit III, India",No,See DN-332 (ID#:10613),See DN-332 (ID#:10613),35.75
48182,106-HT-T30,FPQ-14895,SCMS-261300,ASN-29497,Haiti,PMO - US,Direct Drop,FCA,Air,9/24/2014,11/5/2014,10-Dec-14,10-Dec-14,10-Dec-14,ARV,Adult,ABBVIE LOGISTICS (FORMERLY ABBOTT LOGISTICS BV),"Ritonavir 100mg [Norvir], film coated tablets, 60 Tabs",Ritonavir,Norvir,100mg,Tablet,60,272,1863.2,6.85,0.11,ABBVIE Ludwigshafen Germany,Yes,37,722.35,1.92
8316,104-CI-T01,Pre-PQ Process,SCMS-18330,ASN-3024,Côte d'Ivoire,PMO - US,Direct Drop,EXW,Air,Pre-PQ Process,2/27/2008,18-Feb-09,18-Feb-09,18-Feb-09,HRDT,HIV test,"CHEMBIO DIAGNOSTIC SYSTEMS, INC.","HIV 1/2, Stat-Pak HIV, Kit, 20 Tests","HIV 1/2, Stat-Pak HIV, Kit",Stat-Pak,,Test kit,20,289,7803.0,27.0,1.35,Chembio Diagnostics Sys. Inc.,Yes,84,1550.95,15.29
84934,105-GY-T30,FPQ-14042,SO-48500,DN-3737,Guyana,PMO - US,From RDC,N/A - From RDC,Air,4/9/2014,N/A - From RDC,30-Jun-14,3-Jun-14,18-Jul-14,ARV,Adult,SCMS from RDC,"Lopinavir/Ritonavir 200/50mg, tablets, 120 Tabs",Lopinavir/Ritonavir,Generic,200/50mg,Tablet,120,1031,20321.01,19.71,0.16,Mylan (formerly Matrix) Nashik,Yes,298,4353.04,20.89
83398,104-CI-T30,FPQ-3964,SO-33171,DN-1629,Côte d'Ivoire,PMO - US,From RDC,N/A - From RDC,Air,7/24/2009,N/A - From RDC,11-Feb-10,2-Feb-10,2-Feb-10,ARV,Pediatric,SCMS from RDC,"Didanosine 200mg, chewable/dispersible tablets, 60 Tabs",Didanosine,Generic,200mg,Chewable/dispersible tablet,60,1800,27900.0,15.5,0.26,"Aurobindo Unit III, India",No,See DN-1629 (ID#:82857),See DN-1629 (ID#:82857),54.68
43929,114-UG-T30,FPQ-8497,SCMS-124980,ASN-13223,Uganda,PMO - US,Direct Drop,FCA,Air,10/3/2011,10/21/2011,14-Jan-12,14-Jan-12,14-Jan-12,ARV,Adult,Hoffmann-La Roche ltd Basel,"Saquinavir 500mg [Invirase], tablets, 120 Tabs",Saquinavir,Invirase,500mg,Tablet,120,98,12362.16,126.14,1.05,Roche Basel,Yes,18,586.16,20.4
83377,104-CI-T30,FPQ-3964,SO-34510,DN-1514,Côte d'Ivoire,PMO - US,From RDC,N/A - From RDC,Air,7/24/2009,N/A - From RDC,26-Nov-09,13-Nov-09,13-Nov-09,ARV,Adult,SCMS from RDC,"Lamivudine/Nevirapine/Zidovudine 150/200/300mg, tablets, 60 Tabs",Lamivudine/Nevirapine/Zidovudine,Generic,150/300/200mg,Tablet - FDC,60,42750,485212.5,11.35,0.19,"Aurobindo Unit III, India",Yes,4814,7100.04,951.02
84178,114-UG-T30,FPQ-9355,SO-41592,DN-2722,Uganda,PMO - US,From RDC,N/A - From RDC,Truck,2/20/2012,N/A - From RDC,5-Sep-12,29-Jun-12,29-Jun-12,ARV,Adult,SCMS from RDC,"Nevirapine 200mg, tablets, 60 Tabs",Nevirapine,Generic,200mg,Tablet,60,3262,8187.62,2.51,0.04,"Strides, Bangalore, India.",Yes,190,1095.22,11.48
85879,109-TZ-T30,FPQ-9271,SO-41580,DN-2761,Tanzania,PMO - US,From RDC,N/A - From RDC,Truck,1/31/2012,N/A - From RDC,31-Aug-12,22-Aug-12,22-Aug-12,ARV,Adult,SCMS from RDC,"Emtricitabine/Tenofovir Disoproxil Fumarate 200/300mg, tablets, 30 Tabs",Emtricitabine/Tenofovir Disoproxil Fumarate,Generic,200/300mg,Tablet - FDC,30,66931,475879.41,7.11,0.24,Mylan (formerly Matrix) Nashik,No,See DN-2761 (ID#:83606),See DN-2761 (ID#:83606),667.18
85684,151-NG-T30,FPQ-5023,SO-36480,DN-1908,Nigeria,PMO - US,From RDC,N/A - From RDC,Air,2/10/2010,N/A - From RDC,15-Jul-10,28-Jun-10,28-Jun-10,ARV,Adult,SCMS from RDC,"Stavudine 30mg, capsules, 60 Caps",Stavudine,Generic,30mg,Capsule,60,2250,3285.0,1.46,0.02,"Aurobindo Unit III, India",Yes,763,Freight Included in Commodity Cost,7.08
65630,116-ZA-T30,FPQ-13973,SCMS-238572,ASN-27958,South Africa,PMO - US,Direct Drop,DDP,Truck,4/30/2014,8/26/2014,26-Aug-14,26-Aug-14,26-Aug-14,ARV,Pediatric,PHARMACY DIRECT,"Lopinavir/Ritonavir 80/20mg/ml [Kaletra], oral solution, cool, Bottle 5 x 60 ml",Lopinavir/Ritonavir,Kaletra,80/20mg/ml,Oral solution,300,4,88.27,22.07,0.07,ABBVIE (Abbott) Logis. UK,Yes,Weight Captured Separately,Freight Included in Commodity Cost,0.09
19891,161-ZA-T30,FPQ-6262,SCMS-83890,ASN-9513,South Africa,PMO - US,Direct Drop,DDP,Ocean,8/31/2010,9/21/2010,24-Feb-11,24-Feb-11,24-Feb-11,ARV,Pediatric,CIPLA LIMITED,"Lamivudine 10mg/ml, oral solution w/syringe, Bottle, 240 ml",Lamivudine,Generic,10mg/ml,Oral solution,240,55000,114400.0,2.08,0.01,"Cipla, Goa, India",Yes,20419,17267.14,246.65
86210,110-ZM-T30,FPQ-14784,SO-49600,DN-4316,Zambia,PMO - US,From RDC,N/A - From RDC,Truck,8/12/2014,N/A - From RDC,31-Aug-15,25-Aug-15,3-Sep-15,ARV,Pediatric,SCMS from RDC,"Abacavir/Lamivudine 60/30mg, dispersible tablets, 60 Tabs",Abacavir/Lamivudine,Generic,60/30mg,Chewable/dispersible tablet - FDC,60,44022,224071.98,5.09,0.08,"Cipla, Patalganga, India",No,Weight Captured Separately,Freight Included in Commodity Cost,230.35
47221,105-SS-T30,FPQ-15569,SCMS-272140,ASN-31129,South Sudan,PMO - US,Direct Drop,EXW,Air,12/29/2014,2/20/2015,8-May-15,8-May-15,11-May-15,HRDT,HIV test,"Trinity Biotech, Plc","HIV 1/2, Uni-Gold HIV Kit, 20 Tests","HIV 1/2, Uni-Gold HIV Kit",Uni-Gold,,Test kit,20,10,320.0,32.0,1.6,"Trinity Biotech, Plc",No,See ASN-31129 (ID#:40205),See ASN-31129 (ID#:40205),0.38
52131,116-ZA-T30,FPQ-11828,SCMS-183950,ASN-19166,South Africa,South Africa Field Office,Direct Drop,DDP,Truck,3/18/2013,Date Not Captured,16-Apr-13,16-Apr-13,16-Apr-13,ARV,Adult,S. BUYS WHOLESALER,"Didanosine 250mg, delayed-release capsules, 30 Caps",Didanosine,Generic,250mg,Delayed-release capsules,30,64,987.12,15.42,0.51,"Aurobindo Unit III, India",No,Weight Captured Separately,Freight Included in Commodity Cost,1.22
12016,100-LB-T01,Pre-PQ Process,SO-33900,DN-1487,Lebanon,PMO - US,From RDC,N/A - From RDC,Air,Date Not Captured,N/A - From RDC,18-Nov-09,18-Nov-09,18-Nov-09,ARV,Pediatric,SCMS from RDC,"Zidovudine 10mg/ml, oral solution, Bottle, 240 ml",Zidovudine,Generic,10mg/ml,Oral solution,240,24,0.24,0.01,0.0,"Aurobindo Unit III, India",No,See DN-1487 (ID#:11073),See DN-1487 (ID#:11073),0.0
68641,116-ZA-T30,FPQ-13973,SCMS-238552,ASN-27609,South Africa,PMO - US,Direct Drop,DDP,Truck,4/30/2014,8/5/2014,5-Aug-14,5-Aug-14,5-Aug-14,ARV,Adult,PHARMACY DIRECT,"Raltegravir 400mg [Isentress], tablets, 60 Tabs",Raltegravir,Isentress,400mg,Tablet,60,40,3199.67,79.99,1.33,"MSD, Haarlem, NL",No,Weight Captured Separately,Freight Included in Commodity Cost,3.29
40868,116-ZA-T30,FPQ-11828,SCMS-183970,ASN-19157,South Africa,South Africa Field Office,Direct Drop,DDP,Truck,3/18/2013,Date Not Captured,12-Apr-13,12-Apr-13,12-Apr-13,ARV,Pediatric,S. BUYS WHOLESALER,"Lopinavir/Ritonavir 80/20mg/ml [Kaletra], oral solution, cool, Bottle 5 x 60 ml",Lopinavir/Ritonavir,Kaletra,80/20mg/ml,Oral solution,300,48,1199.64,24.99,0.08,ABBVIE (Abbott) Logis. UK,Yes,Weight Captured Separately,Freight Included in Commodity Cost,1.48
86120,101-CD-T30,FPQ-14252,SO-48850,DN-3843,"Congo, DRC",PMO - US,From RDC,N/A - From RDC,Air,5/7/2014,N/A - From RDC,13-Aug-14,24-Sep-14,6-Nov-14,ARV,Adult,SCMS from RDC,"Efavirenz/Lamivudine/Tenofovir Disoproxil Fumarate 600/300/300mg, tablets, 30 Tabs",Efavirenz/Lamivudine/Tenofovir Disoproxil Fumarate,Generic,600/300/300mg,Tablet - FDC,30,3300,35574.0,10.78,0.36,Hetero Unit III Hyderabad IN,No,See DN-3843 (ID#:82707),See DN-3843 (ID#:82707),36.57
85477,151-NG-T30,FPQ-13293,SO-47284,DN-3719,Nigeria,PMO - US,From RDC,N/A - From RDC,Air Charter,11/19/2013,N/A - From RDC,30-Jun-14,9-May-14,23-May-14,ARV,Pediatric,SCMS from RDC,"Lamivudine/Nevirapine/Zidovudine 30/50/60mg, dispersible tablets, 60 Tabs",Lamivudine/Nevirapine/Zidovudine,Generic,30/50/60mg,Chewable/dispersible tablet - FDC,60,85800,321750.0,3.75,0.06,Mylan (formerly Matrix) Nashik,Yes,5605,45180.63,330.76
86675,104-CI-T30,FPQ-12800,SO-46431,DN-3638,Côte d'Ivoire,PMO - US,From RDC,N/A - From RDC,Truck,8/9/2013,N/A - From RDC,30-Apr-14,25-Apr-14,11-Jun-14,ARV,Pediatric,SCMS from RDC,"Nevirapine 10mg/ml, oral suspension w/syringe, Bottle, 100 ml",Nevirapine,Generic,10mg/ml,Oral suspension,100,4000,5200.0,1.3,0.01,"Aurobindo Unit III, India",Yes,750,3138.81,6.43
44612,108-VN-T30,FPQ-5317,SCMS-69730,ASN-8447,Vietnam,PMO - US,Direct Drop,EXW,Air,3/22/2010,3/29/2010,9-Nov-10,9-Nov-10,9-Nov-10,ARV,Adult,MYLAN LABORATORIES LTD (FORMERLY MATRIX LABORATORIES),"Efavirenz 600mg, tablets, 30 Tabs",Efavirenz,Generic,600mg,Tablet,30,40890,175827.0,4.3,0.14,Mylan (formerly Matrix) Nashik,Yes,3329,10455.35,379.08
56932,103-CM-T30,FPQ-12711,SCMS-203110,ASN-22043,Cameroon,PMO - US,Direct Drop,EXW,Air,8/9/2013,9/4/2013,10-Oct-13,10-Oct-13,21-Oct-13,HRDT,HIV test,HUMAN GMBH,"HIV 1/2, HEXAGON Rapid HIV Kit, 100 Tests","HIV 1/2, HEXAGON Rapid HIV Kit",Hexagon,,Test kit,100,30,3347.4,111.58,1.12,Human Diagnostic,Yes,46,1003.18,4.14
84839,102-BI-T30,FPQ-12065,SO-45152,DN-3261,Burundi,PMO - US,From RDC,N/A - From RDC,Air,4/22/2013,N/A - From RDC,16-Aug-13,22-Aug-13,22-Aug-13,ARV,Adult,SCMS from RDC,"Lamivudine/Nevirapine/Zidovudine 150/200/300mg, tablets, 60 Tabs",Lamivudine/Nevirapine/Zidovudine,Generic,150/300/200mg,Tablet - FDC,60,960,7958.4,8.29,0.14,"Strides, Bangalore, India.",Yes,111,1047.34,9.84
33810,103-MW-T30,FPQ-10790,SCMS-163880,ASN-17940,Malawi,PMO - US,Direct Drop,EXW,Ocean,10/17/2012,10/31/2012,21-Jun-13,21-Jun-13,21-Jun-13,ARV,Adult,MYLAN LABORATORIES LTD (FORMERLY MATRIX LABORATORIES),"Efavirenz/Lamivudine/Tenofovir Disoproxil Fumarate 600/300/300mg, tablets, 30 Tabs",Efavirenz/Lamivudine/Tenofovir Disoproxil Fumarate,Generic,600/300/300mg,Tablet - FDC,30,6200,71238.0,11.49,0.38,Mylan (formerly Matrix) Nashik,Yes,701,3548.81,88.12
63174,106-HT-T30,FPQ-9636,SCMS-148370,ASN-16472,Haiti,PMO - US,Direct Drop,EXW,Ocean,5/14/2012,7/3/2012,20-Dec-12,20-Dec-12,20-Dec-12,ARV,Adult,MYLAN LABORATORIES LTD (FORMERLY MATRIX LABORATORIES),"Abacavir 300mg, tablets, 60 Tabs",Abacavir,Generic,300mg,Tablet,60,2610,32598.9,12.49,0.21,Mylan (formerly Matrix) Nashik,No,See ASN-16472 (ID#:20383),See ASN-16472 (ID#:20383),45.7
70374,106-HT-T30,FPQ-15038,SCMS-262850,ASN-30567,Haiti,PMO - US,Direct Drop,EXW,Air,10/22/2014,12/24/2014,13-Mar-15,13-Mar-15,13-Mar-15,ARV,Adult,MYLAN LABORATORIES LTD (FORMERLY MATRIX LABORATORIES),"Abacavir 300mg, tablets, 60 Tabs",Abacavir,Generic,300mg,Tablet,60,4680,51433.2,10.99,0.18,Mylan (formerly Matrix) Nashik,Yes,487,3463.53,52.87
30112,200-ZW-T30,FPQ-6488,SCMS-90670,ASN-11751,Zimbabwe,PMO - US,Direct Drop,FCA,Air,10/26/2010,11/10/2010,15-Sep-11,15-Sep-11,15-Sep-11,ARV,Pediatric,ABBVIE LOGISTICS (FORMERLY ABBOTT LOGISTICS BV),"Lopinavir/Ritonavir 80/20mg/ml [Kaletra], oral solution, cool, Bottle 5 x 60 ml",Lopinavir/Ritonavir,Kaletra,80/20mg/ml,Oral solution,300,2502,90472.32,36.16,0.12,ABBVIE (Abbott) Logis. UK,Yes,2364,16956.86,195.06
69463,106-HT-T30,FPQ-14083,SCMS-240130,ASN-28761,Haiti,PMO - US,Direct Drop,EXW,Ocean,5/11/2014,6/2/2014,9-Jan-15,9-Jan-15,12-Jan-15,ARV,Adult,MICRO LABS LIMITED,"Efavirenz 600mg, tablets, 30 Tabs",Efavirenz,Generic,600mg,Tablet,30,43065,128333.7,2.98,0.1,"Micro labs, Verna, Goa, India",No,See ASN-28761 (ID#:38632),See ASN-28761 (ID#:38632),131.93
84510,104-CI-T30,FPQ-4187,SO-33491,DN-1535,Côte d'Ivoire,PMO - US,From RDC,N/A - From RDC,Air,9/9/2009,N/A - From RDC,4-Dec-09,2-Dec-09,2-Dec-09,ARV,Adult,SCMS from RDC,"Lamivudine 150mg, tablets, 60 Tabs",Lamivudine,Generic,150mg,Tablet,60,1833,4472.52,2.44,0.04,"Aurobindo Unit III, India",Yes,88,1211.48,8.77
25536,151-NG-T30,FPQ-12803,SCMS-206340,ASN-23739,Nigeria,PMO - US,Direct Drop,EXW,Air,8/13/2013,9/17/2013,11-Feb-14,11-Feb-14,13-Feb-14,ARV,Pediatric,CIPLA LIMITED,"Abacavir 60mg, dispersible tablets, 60 Tabs",Abacavir,Generic,60mg,Chewable/dispersible tablet,60,7325,36625.0,5.0,0.08,"Cipla, Patalganga, India",Yes,455,4967.03,45.31
11910,112-NG-T01,Pre-PQ Process,SO-2727,DN-888,Nigeria,PMO - US,From RDC,N/A - From RDC,Air,Pre-PQ Process,N/A - From RDC,31-Aug-08,31-Aug-08,31-Aug-08,ARV,Adult,SCMS from RDC,"Lamivudine/Zidovudine 150/300mg, tablets, 60 Tabs",Lamivudine/Zidovudine,Generic,150/300mg,Tablet - FDC,60,1001,9359.35,9.35,0.16,Mylan (formerly Matrix) Nashik,Yes,82,1151.48,14.97
29706,101-CD-T30,FPQ-16001,SCMS-280210,ASN-31750,"Congo, DRC",PMO - US,Direct Drop,EXW,Air,3/10/2015,3/16/2015,2-Jul-15,2-Jul-15,30-Jul-15,HRDT,HIV test,"Trinity Biotech, Plc","HIV 1/2, Uni-Gold HIV Kit, 20 Tests","HIV 1/2, Uni-Gold HIV Kit",Uni-Gold,,Test kit,20,423,13536.0,32.0,1.6,"Trinity Biotech, Plc",No,See ASN-31750 (ID#:19272),See ASN-31750 (ID#:19272),15.93
74268,119-NA-T30,FPQ-4398,SCMS-54920,ASN-6026,Namibia,PMO - US,Direct Drop,EXW,Air,10/7/2009,10/13/2009,18-Feb-10,18-Feb-10,18-Feb-10,HRDT,HIV test,"Orgenics, Ltd","HIV 1/2, Determine HIV Kit, without Lancets, 100 Tests","HIV 1/2, Determine HIV Kit, without Lancets",Determine,,Test kit,100,200,14000.0,70.0,0.7,Inverness Japan,Yes,45,10486.42,30.18
85881,151-NG-T30,FPQ-9432,SO-42803,DN-2769,Nigeria,PMO - US,From RDC,N/A - From RDC,Air Charter,3/1/2012,N/A - From RDC,2-Aug-12,24-Jul-12,24-Jul-12,ARV,Adult,SCMS from RDC,"Lamivudine/Tenofovir Disoproxil Fumarate 300/300mg, tablets, 30 Tabs",Lamivudine/Tenofovir Disoproxil Fumarate,Generic,300/300mg,Tablet - FDC,30,28839,159768.06,5.54,0.18,Mylan (formerly Matrix) Nashik,No,See DN-2769 (ID#:83607),See DN-2769 (ID#:83607),223.99
68361,108-VN-T30,FPQ-10286,SCMS-156270,ASN-17262,Vietnam,PMO - US,Direct Drop,EXW,Air,7/25/2012,8/14/2012,19-Dec-12,19-Dec-12,19-Dec-12,ARV,Pediatric,MYLAN LABORATORIES LTD (FORMERLY MATRIX LABORATORIES),"Lamivudine/Nevirapine/Zidovudine 30/50/60mg, dispersible tablets, 60 Tabs",Lamivudine/Nevirapine/Zidovudine,Generic,30/50/60mg,Chewable/dispersible tablet - FDC,60,10508,43608.2,4.15,0.07,Mylan (formerly Matrix) Nashik,Yes,678,2148.1,61.14
83566,113-ZW-T30,FPQ-7934,SO-40280,DN-2520,Zimbabwe,PMO - US,From RDC,N/A - From RDC,Truck,6/28/2011,N/A - From RDC,31-Jan-12,16-Feb-12,16-Feb-12,ARV,Adult,SCMS from RDC,"Lamivudine/Tenofovir Disoproxil Fumarate 300/300mg, tablets, 30 Tabs",Lamivudine/Tenofovir Disoproxil Fumarate,Generic,300/300mg,Tablet - FDC,30,17556,106740.48,6.08,0.2,Mylan (formerly Matrix) Nashik,Yes,1373,4777.08,176.12
4333,119-NA-T01,Pre-PQ Process,SCMS-19130,ASN-1787,Namibia,PMO - US,Direct Drop,EXW,Air,Pre-PQ Process,3/18/2008,4-Jun-08,4-Jun-08,4-Jun-08,HRDT,HIV test - Ancillary,"Orgenics, Ltd","HIV, Lancet, Safety, for HIV Test kits, 100 Pcs","HIV, Lancet, Safety, for HIV Test kits, 100 Pcs",Generic,,Test kit - Ancillary,100,142,1.42,0.01,0.0,Inverness Japan,Yes,Weight Captured Separately,Invoiced Separately,0.0
85248,113-ZW-T30,FPQ-8464,SO-40850,DN-2605,Zimbabwe,PMO - US,From RDC,N/A - From RDC,Truck,10/4/2011,N/A - From RDC,13-Apr-12,10-Apr-12,10-Apr-12,ARV,Adult,SCMS from RDC,"Lamivudine/Stavudine 150/30mg, tablets, 60 Tabs",Lamivudine/Stavudine,Generic,150/30mg,Tablet - FDC,60,7150,21092.5,2.95,0.05,"Strides, Bangalore, India.",No,See DN-2605 (ID#:82467),See DN-2605 (ID#:82467),34.8
83134,114-UG-T30,FPQ-11143,SO-43943,DN-3120,Uganda,PMO - US,From RDC,N/A - From RDC,Air,12/13/2012,N/A - From RDC,30-Apr-13,9-May-13,9-May-13,ARV,Adult,SCMS from RDC,"Nevirapine 200mg, tablets, 60 Tabs",Nevirapine,Generic,200mg,Tablet,60,11490,25967.4,2.26,0.04,Hetero Unit III Hyderabad IN,Yes,722,3483.79,32.12
10917,117-ET-T01,Pre-PQ Process,SO-1527,DN-522,Ethiopia,PMO - US,From RDC,N/A - From RDC,Air,Pre-PQ Process,N/A - From RDC,20-Feb-08,20-Feb-08,20-Feb-08,ARV,Adult,SCMS from RDC,"Stavudine 20mg, capsules, 60 Caps",Stavudine,Generic,20mg,Capsule,60,219,383.25,1.75,0.03,"Aurobindo Unit III, India",Yes,16,472.5,0.61
14252,114-UG-T30,FPQ-13116,SCMS-212350,ASN-24417,Uganda,PMO - US,Direct Drop,EXW,Air,10/23/2013,10/30/2013,21-Mar-14,21-Mar-14,21-Mar-14,ARV,Pediatric,CIPLA LIMITED,"Lamivudine/Zidovudine 30/60mg, dispersible tablets, 60 Tabs",Lamivudine/Zidovudine,Generic,30/60mg,Chewable/dispersible tablet - FDC,60,7445,16676.8,2.24,0.04,"Cipla, Goa, India",Yes,574,3868.24,17.14
86277,151-NG-T30,FPQ-4537,SO-35031,DN-1683,Nigeria,PMO - US,From RDC,N/A - From RDC,Air Charter,11/6/2009,N/A - From RDC,19-Apr-10,31-Mar-10,31-Mar-10,ARV,Adult,SCMS from RDC,"Lamivudine 150mg, tablets, 60 Tabs",Lamivudine,Generic,150mg,Tablet,60,64,156.16,2.44,0.04,"Aurobindo Unit III, India",Yes,4,124350.82,0.34
12811,113-ZW-T01,Pre-PQ Process,SO-1053,DN-774,Zimbabwe,PMO - US,From RDC,N/A - From RDC,Truck,Pre-PQ Process,N/A - From RDC,17-Jun-08,17-Jun-08,17-Jun-08,HRDT,HIV test,SCMS from RDC,"HIV 1/2, Determine HIV Kit, without Lancets, 100 Tests","HIV 1/2, Determine HIV Kit, without Lancets",Determine,,Test kit,100,1800,129582.0,71.99,0.72,Inverness Japan,No,See DN-774 (ID#:11268),See DN-774 (ID#:11268),207.33
12369,104-CI-T01,Pre-PQ Process,SO-617,DN-163,Côte d'Ivoire,PMO - US,From RDC,N/A - From RDC,Air,Pre-PQ Process,N/A - From RDC,15-Jun-07,15-Jun-07,15-Jun-07,ARV,Adult,SCMS from RDC,"Zidovudine 300mg, tablets, 60 Tabs",Zidovudine,Generic,300mg,Tablet,60,4374,37266.48,8.52,0.14,"Aurobindo Unit III, India",Yes,230,1432,
83622,106-HT-T30,FPQ-10378,SO-43020,DN-2854,Haiti,PMO - US,From RDC,N/A - From RDC,Air,8/13/2012,N/A - From RDC,28-Sep-12,11-Sep-12,11-Sep-12,ARV,Pediatric,SCMS from RDC,"Zidovudine 10mg/ml, oral solution w/syringe, Bottle, 240 ml",Zidovudine,Generic,10mg/ml,Oral solution,240,4000,8400.0,2.1,0.01,"Aurobindo Unit III, India",Yes,1596,16840.67,11.78
73095,116-ZA-T30,FPQ-14942,SCMS-259073,ASN-30671,South Africa,PMO - US,Direct Drop,DDP,Truck,9/11/2014,2/12/2015,12-Feb-15,12-Feb-15,12-Feb-15,ARV,Adult,PHARMACY DIRECT,"Zidovudine 300mg, tablets, 60 Tabs",Zidovudine,Generic,300mg,Tablet,60,11,198.34,18.03,0.3,"Aurobindo Unit III, India",No,Weight Captured Separately,Freight Included in Commodity Cost,0.2
8207,107-RW-T01,Pre-PQ Process,SCMS-14730,ASN-1066,Rwanda,PMO - US,Direct Drop,CIP,Air,Pre-PQ Process,12/3/2007,3-Jan-08,3-Jan-08,3-Jan-08,ARV,Adult,Aurobindo Pharma Limited,"Efavirenz 600mg, tablets, 30 Tabs",Efavirenz,Generic,600mg,Tablet,30,32510,381992.5,11.75,0.39,"Aurobindo Unit III, India",Yes,2791,28336.18,611.19
83844,114-UG-T30,FPQ-14396,SO-49000,DN-3908,Uganda,PMO - US,From RDC,N/A - From RDC,Truck,6/4/2014,N/A - From RDC,30-Sep-14,17-Sep-14,18-Sep-14,ARV,Pediatric,SCMS from RDC,"Lamivudine/Nevirapine/Zidovudine 30/50/60mg, dispersible tablets, 60 Tabs",Lamivudine/Nevirapine/Zidovudine,Generic,30/50/60mg,Chewable/dispersible tablet - FDC,60,11553,43092.69,3.73,0.06,"Strides, Bangalore, India.",Yes,516,2042.9,44.3
33077,161-ZA-T30,FPQ-6262,SCMS-83720,ASN-9714,South Africa,PMO - US,Direct Drop,DDP,Air,8/31/2010,9/24/2010,23-Mar-11,23-Mar-11,23-Mar-11,ARV,Adult,Aurobindo Pharma Limited,"Abacavir 300mg, tablets, 60 Tabs",Abacavir,Generic,300mg,Tablet,60,7600,121448.0,15.98,0.27,"Aurobindo Unit III, India",Yes,782,2534.68,261.84
85365,111-MZ-T30,FPQ-11884,SO-44861,DN-3181,Mozambique,PMO - US,From RDC,N/A - From RDC,Truck,3/19/2013,N/A - From RDC,30-Sep-13,8-Aug-13,8-Aug-13,ARV,Adult,SCMS from RDC,"Abacavir 300mg, tablets, 60 Tabs",Abacavir,Generic,300mg,Tablet,60,10000,129600.0,12.96,0.22,Mylan (formerly Matrix) Nashik,Yes,1033,7951.22,160.32
66449,108-VN-T30,FPQ-5094,SCMS-68780,ASN-7020,Vietnam,PMO - US,Direct Drop,FCA,Air,3/15/2010,3/31/2010,22-Jun-10,22-Jun-10,22-Jun-10,ARV,Adult,ABBVIE LOGISTICS (FORMERLY ABBOTT LOGISTICS BV),"Lopinavir/Ritonavir 200/50mg [Aluvia], tablets, 120 Tabs",Lopinavir/Ritonavir,Aluvia,200/50mg,Tablet,120,8225,676095.0,82.2,0.68,ABBVIE Ludwigshafen Germany,Yes,2018,10263.55,1457.66
12885,112-NG-T01,Pre-PQ Process,SO-21050,DN-1244,Nigeria,PMO - US,From RDC,N/A - From RDC,Air Charter,Pre-PQ Process,N/A - From RDC,16-Jun-09,16-Jun-09,16-Jun-09,ARV,Adult,SCMS from RDC,"Efavirenz 600mg, tablets, 30 Tabs",Efavirenz,Generic,600mg,Tablet,30,2178,23522.4,10.8,0.36,"Aurobindo Unit III, India",No,See DN-1244 (ID#:11048),See DN-1244 (ID#:11048),46.1
12184,110-ZM-T01,Pre-PQ Process,SO-1884,DN-778,Zambia,PMO - US,From RDC,N/A - From RDC,,Pre-PQ Process,N/A - From RDC,19-Jun-08,19-Jun-08,19-Jun-08,ARV,Pediatric,SCMS from RDC,"Lopinavir/Ritonavir 80/20mg/ml [Kaletra], oral solution, cool, Bottle 5 x 60 ml",Lopinavir/Ritonavir,Kaletra,80/20mg/ml,Oral solution,300,1260,51786.0,41.1,0.14,ABBVIE (Abbott) Logis. UK,Yes,1185,2350.53,82.86
11386,100-CI-T01,Pre-PQ Process,SO-438,DN-80,Côte d'Ivoire,PMO - US,From RDC,N/A - From RDC,,Pre-PQ Process,N/A - From RDC,30-Apr-07,30-Apr-07,30-Apr-07,ARV,Adult,SCMS from RDC,"Lamivudine/Nevirapine/Stavudine 150/200/30mg, tablets, 60 Tabs",Lamivudine/Nevirapine/Stavudine,Generic,150/200/30mg,Tablet - FDC,60,9000,67500.0,7.5,0.12,"Cipla, Goa, India",Yes,974,3166,
11547,104-CI-T01,Pre-PQ Process,SO-1838,DN-632,Côte d'Ivoire,PMO - US,From RDC,N/A - From RDC,Air,Pre-PQ Process,N/A - From RDC,13-Mar-08,13-Mar-08,13-Mar-08,HRDT,HIV test - Ancillary,SCMS from RDC,"HIV, Lancet, Safety, for HIV Test kits, 100 Pcs","HIV, Lancet, Safety, for HIV Test kits, 100 Pcs",Generic,,Test kit - Ancillary,100,250,2.5,0.01,0.0,Inverness Japan,Yes,61,1225.42,0.0
84162,109-TZ-T30,FPQ-8303,SO-40490,DN-2633,Tanzania,PMO - US,From RDC,N/A - From RDC,Truck,8/22/2011,N/A - From RDC,1-Jun-12,1-Jun-12,1-Jun-12,ARV,Pediatric,SCMS from RDC,"Lamivudine/Nevirapine/Stavudine 60/100/12mg, dispersible tablets, 60 Tabs",Lamivudine/Nevirapine/Stavudine,Generic,60/100/12mg,Chewable/dispersible tablet - FDC,60,26300,119402.0,4.54,0.08,"Cipla, Goa, India",Yes,2278,7865.4,197.01
19080,106-HT-T30,FPQ-14895,SCMS-258570,ASN-30652,Haiti,PMO - US,Direct Drop,FCA,Air,9/24/2014,11/14/2014,11-Mar-15,11-Mar-15,16-Mar-15,ARV,Adult,ABBVIE LOGISTICS (FORMERLY ABBOTT LOGISTICS BV),"Lopinavir/Ritonavir 200/50mg [Aluvia], tablets, 120 Tabs",Lopinavir/Ritonavir,Aluvia,200/50mg,Tablet,120,15560,287393.2,18.47,0.15,ABBVIE Ludwigshafen Germany,Yes,3834,16386.12,295.44
82733,111-MZ-T30,FPQ-14226,SO-48884,DN-3944,Mozambique,PMO - US,From RDC,N/A - From RDC,Truck,5/2/2014,N/A - From RDC,31-Dec-14,28-Oct-14,13-Nov-14,ARV,Pediatric,SCMS from RDC,"Nevirapine 10mg/ml, oral suspension w/syringe, Bottle, 240 ml",Nevirapine,Generic,10mg/ml,Oral suspension,240,27264,41168.64,1.51,0.01,"Aurobindo Unit III, India",Yes,10191,8520.87,42.32
50316,133-NG-T30,FPQ-4069,SCMS-51080,ASN-5104,Nigeria,PMO - US,Direct Drop,EXW,Air,8/3/2009,8/7/2009,16-Nov-09,16-Nov-09,16-Nov-09,HRDT,HIV test,"Orgenics, Ltd","HIV 1/2, Determine Complete HIV Kit, 100 Tests","HIV 1/2, Determine Complete HIV Kit",Determine,,Test kit,100,4817,385360.0,80.0,0.8,Inverness Japan,Yes,2305,43338.93,755.31
85203,200-ZW-T30,FPQ-6483,SO-37901,DN-2372,Zimbabwe,PMO - US,From RDC,N/A - From RDC,Truck,10/13/2010,N/A - From RDC,14-Oct-11,21-Oct-11,21-Oct-11,ARV,Pediatric,SCMS from RDC,"Lamivudine/Nevirapine/Zidovudine 30/50/60mg, dispersible tablets, 60 Tabs",Lamivudine/Nevirapine/Zidovudine,Generic,30/50/60mg,Chewable/dispersible tablet - FDC,60,24940,105995.0,4.25,0.07,Mylan (formerly Matrix) Nashik,Yes,1456,2326.77,228.53
84904,104-CI-T30,FPQ-12800,SO-46361,DN-3567,Côte d'Ivoire,PMO - US,From RDC,N/A - From RDC,Air,8/9/2013,N/A - From RDC,28-Mar-14,26-Mar-14,28-Apr-14,ARV,Pediatric,SCMS from RDC,"Lamivudine 10mg/ml, oral solution w/syringe, Bottle, 240 ml",Lamivudine,Generic,10mg/ml,Oral solution,240,13000,18590.0,1.43,0.01,"Aurobindo Unit III, India",No,See DN-3567 (ID#:84342),See DN-3567 (ID#:84342),23.0
12495,109-TZ-T01,Pre-PQ Process,SO-2558,DN-764,Tanzania,PMO - US,From RDC,N/A - From RDC,Truck,Pre-PQ Process,N/A - From RDC,30-Jun-08,30-Jun-08,30-Jun-08,ARV,Adult,SCMS from RDC,"Lamivudine/Zidovudine 150/300mg, tablets, 60 Tabs",Lamivudine/Zidovudine,Generic,150/300mg,Tablet - FDC,60,112191,1060204.95,9.45,0.16,"Aurobindo Unit III, India",Yes,10453,8831.92,1696.33
50752,103-ML-T30,FPQ-15006,SCMS-260740,ASN-30241,Mali,PMO - US,Direct Drop,EXW,Air,10/7/2014,11/19/2014,18-Feb-15,18-Feb-15,25-Feb-15,HRDT,HIV test,"Orgenics, Ltd","HIV 1/2, Determine Complete HIV Kit, 100 Tests","HIV 1/2, Determine Complete HIV Kit",Determine,,Test kit,100,150,12000.0,80.0,0.8,"Alere Medical Co., Ltd.",Yes,66,2572.91,12.34
10763,151-NG-T01,Pre-PQ Process,SO-22527,DN-1209,Nigeria,PMO - US,From RDC,N/A - From RDC,Air Charter,Pre-PQ Process,N/A - From RDC,8-May-09,8-May-09,8-May-09,ARV,Adult,SCMS from RDC,"Lamivudine/Nevirapine/Zidovudine 150/200/300mg, tablets, 60 Tabs",Lamivudine/Nevirapine/Zidovudine,Generic,150/300/200mg,Tablet - FDC,60,30415,346731.0,11.4,0.19,"Aurobindo Unit III, India",Yes,3415,15128.37,679.59
40496,116-ZA-T30,FPQ-13973,SCMS-238552,ASN-27610,South Africa,PMO - US,Direct Drop,DDP,Truck,4/30/2014,8/5/2014,5-Aug-14,5-Aug-14,5-Aug-14,ARV,Adult,PHARMACY DIRECT,"Darunavir 300mg [Prezista], tablets, 120 Tabs",Darunavir,Prezista,300mg,Tablet,120,18,1254.77,69.71,0.58,"Janssen-Cilag, Latina, IT",Yes,Weight Captured Separately,Freight Included in Commodity Cost,1.29
5032,116-ZA-T01,Pre-PQ Process,SCMS-40780,ASN-3607,South Africa,PMO - US,Direct Drop,DDP,Air,Pre-PQ Process,Date Not Captured,17-Mar-09,28-Nov-08,28-Nov-08,ARV,Adult,S. BUYS WHOLESALER,"Efavirenz 600mg, tablets, 30 Tabs",Efavirenz,Generic,600mg,Tablet,30,7000,113050.0,16.15,0.54,"Aurobindo Unit III, India",No,Weight Captured Separately,Freight Included in Commodity Cost,221.58
23727,116-ZA-T30,FPQ-14942,SCMS-295800,ASN-33865,South Africa,PMO - US,Direct Drop,DDP,Truck,9/11/2014,8/24/2015,24-Aug-15,24-Aug-15,24-Aug-15,ARV,Adult,PHARMACY DIRECT,"Didanosine 250mg, delayed-release capsules, 30 Caps",Didanosine,Generic,250mg,Delayed-release capsules,30,6,71.03,11.84,0.39,"Aurobindo Unit III, India",Yes,Weight Captured Separately,Freight Included in Commodity Cost,0.07
85698,151-NG-T30,FPQ-5688,SO-36933,DN-1977,Nigeria,PMO - US,From RDC,N/A - From RDC,Air Charter,5/27/2010,N/A - From RDC,31-Aug-10,17-Aug-10,17-Aug-10,ARV,Adult,SCMS from RDC,"Lamivudine/Nevirapine/Zidovudine 150/200/300mg, tablets, 60 Tabs",Lamivudine/Nevirapine/Zidovudine,Generic,150/300/200mg,Tablet - FDC,60,15000,168300.0,11.22,0.19,"Aurobindo Unit III, India",Yes,1972,6147.18,362.85
12321,151-NG-T01,Pre-PQ Process,SO-33330,DN-1433,Nigeria,PMO - US,From RDC,N/A - From RDC,Air Charter,Date Not Captured,N/A - From RDC,20-Oct-09,20-Oct-09,20-Oct-09,ARV,Adult,SCMS from RDC,"Lamivudine/Nevirapine/Zidovudine 150/200/300mg, tablets, 60 Tabs",Lamivudine/Nevirapine/Zidovudine,Generic,150/300/200mg,Tablet - FDC,60,40230,458622.0,11.4,0.19,"Aurobindo Unit III, India",Yes,4531,30983.24,898.9
11069,104-CI-T01,Pre-PQ Process,SO-33240,DN-1424,Côte d'Ivoire,PMO - US,From RDC,N/A - From RDC,Air,Date Not Captured,N/A - From RDC,28-Sep-09,28-Sep-09,28-Sep-09,ARV,Adult,SCMS from RDC,"Nevirapine 200mg, tablets, 60 Tabs",Nevirapine,Generic,200mg,Tablet,60,8732,25322.8,2.9,0.05,Hetero Unit III Hyderabad IN,Yes,485,7302.48,49.63
64603,101-CD-T30,FPQ-14100,SCMS-239710,ASN-26736,"Congo, DRC",PMO - US,Direct Drop,EXW,Air,4/23/2014,5/20/2014,11-Aug-14,11-Aug-14,27-Aug-14,HRDT,HIV test,"Orgenics, Ltd","HIV 1/2, Determine Complete HIV Kit, 100 Tests","HIV 1/2, Determine Complete HIV Kit",Determine,,Test kit,100,3125,250000.0,80.0,0.8,"Alere Medical Co., Ltd.",Yes,1581,40965.77,257.0
82549,113-ZW-T30,FPQ-10632,SO-43210,DN-3030,Zimbabwe,PMO - US,From RDC,N/A - From RDC,Truck,9/11/2012,N/A - From RDC,14-Mar-13,14-Mar-13,14-Mar-13,ARV,Adult,SCMS from RDC,"Lamivudine/Nevirapine/Zidovudine 150/200/300mg, tablets, 60 Tabs",Lamivudine/Nevirapine/Zidovudine,Generic,150/300/200mg,Tablet - FDC,60,15120,129729.6,8.58,0.14,"Aurobindo Unit III, India",Yes,23677,9405.81,181.88
8864,109-TZ-T01,Pre-PQ Process,SCMS-36490,ASN-3170,Tanzania,PMO - US,Direct Drop,FCA,Air,Pre-PQ Process,12/30/2008,23-Feb-09,23-Feb-09,23-Feb-09,ARV,Adult,ABBVIE LOGISTICS (FORMERLY ABBOTT LOGISTICS BV),"Lopinavir/Ritonavir 200/50mg [Aluvia], tablets, 120 Tabs",Lopinavir/Ritonavir,Aluvia,200/50mg,Tablet,120,12500,513750.0,41.1,0.34,ABBVIE Ludwigshafen Germany,Yes,3088,12937.16,1006.95
86621,100-ZM-T30,FPQ-12497,SO-45910,DN-3395,Zambia,PMO - US,From RDC,N/A - From RDC,Air,6/20/2013,N/A - From RDC,29-Nov-13,9-Nov-13,20-Jan-14,ARV,Adult,SCMS from RDC,"Emtricitabine/Tenofovir Disoproxil Fumarate 200/300mg, tablets, 30 Tabs",Emtricitabine/Tenofovir Disoproxil Fumarate,Generic,200/300mg,Tablet - FDC,30,31760,192783.2,6.07,0.2,"Aurobindo Unit III, India",Yes,2875,14275.5,238.47
19142,108-VN-T30,FPQ-10811,SCMS-164530,ASN-18730,Vietnam,PMO - US,Direct Drop,FCA,Air,10/15/2012,11/7/2012,9-Apr-13,9-Apr-13,9-Apr-13,ARV,Adult,ABBVIE LOGISTICS (FORMERLY ABBOTT LOGISTICS BV),"Ritonavir 100mg [Norvir], film coated tablets, 30 Tabs",Ritonavir,Norvir,100mg,Tablet,30,373,8675.98,23.26,0.78,ABBVIE Ludwigshafen Germany,Yes,55,17.72,10.73
50636,116-ZA-T30,FPQ-13973,SCMS-238556,ASN-31854,South Africa,PMO - US,Direct Drop,DDP,Truck,4/30/2014,4/28/2015,28-Apr-15,28-Apr-15,28-Apr-15,ARV,Adult,PHARMACY DIRECT,"Zidovudine 300mg, tablets, 60 Tabs",Zidovudine,Generic,300mg,Tablet,60,7,174.67,24.95,0.42,"Aurobindo Unit III, India",No,Weight Captured Separately,Freight Included in Commodity Cost,0.18
11039,151-NG-T01,Pre-PQ Process,SO-22524,DN-1199,Nigeria,PMO - US,From RDC,N/A - From RDC,Air Charter,Pre-PQ Process,N/A - From RDC,8-May-09,8-May-09,8-May-09,ARV,Adult,SCMS from RDC,"Lamivudine/Nevirapine/Zidovudine 150/200/300mg, tablets, 60 Tabs",Lamivudine/Nevirapine/Zidovudine,Generic,150/300/200mg,Tablet - FDC,60,69491,792197.4,11.4,0.19,"Aurobindo Unit III, India",Yes,7798,15128.37,1552.71
69790,114-UG-T30,FPQ-10788,SCMS-162670,ASN-17287,Uganda,PMO - US,Direct Drop,CIP,Air,10/10/2012,10/25/2012,12-Dec-12,12-Dec-12,12-Dec-12,ARV,Adult,MERCK SHARP & DOHME IDEA GMBH (FORMALLY MERCK SHARP & DOHME B.V.),"Raltegravir 400mg [Isentress], tablets, 60 Tabs",Raltegravir,Isentress,400mg,Tablet,60,774,42957.0,55.5,0.92,"MSD, Haarlem, NL",Yes,92,1114,53.14
82736,102-BI-T30,FPQ-14112,SO-48630,DN-3952,Burundi,PMO - US,From RDC,N/A - From RDC,Air,4/18/2014,N/A - From RDC,31-Oct-14,15-Oct-14,28-Oct-14,ARV,Adult,SCMS from RDC,"Lamivudine/Zidovudine 150/300mg, tablets, 60 Tabs",Lamivudine/Zidovudine,Generic,150/300mg,Tablet - FDC,60,1428,9424.8,6.6,0.11,"Aurobindo Unit III, India",Yes,331,4218.74,9.69
72933,105-GH-T30,FPQ-14667,SCMS-254770,ASN-30499,Ghana,PMO - US,Direct Drop,EXW,Air,8/11/2014,9/25/2014,10-Apr-15,10-Apr-15,13-Apr-15,ARV,Pediatric,MYLAN LABORATORIES LTD (FORMERLY MATRIX LABORATORIES),"Lamivudine/Zidovudine 30/60mg, dispersible tablets, 60 Tabs",Lamivudine/Zidovudine,Generic,30/60mg,Chewable/dispersible tablet - FDC,60,11538,22960.62,1.99,0.03,"Mylan,  H-12 & H-13, India",No,See ASN-30499 (ID#:52793),See ASN-30499 (ID#:52793),23.6
40762,900-UG-T30,FPQ-10089,SCMS-149400,ASN-15430,Uganda,PMO - US,Direct Drop,EXW,Air,6/7/2012,6/12/2012,18-Jul-12,23-Jul-12,23-Jul-12,ARV,Adult,Aurobindo Pharma Limited,"Lopinavir/Ritonavir 200/50mg, tablets, 120 Tabs",Lopinavir/Ritonavir,Generic,200/50mg,Tablet,120,10679,272314.5,25.5,0.21,"Aurobindo Unit III, India",Yes,2709,11409.29,381.78
12913,104-CI-T01,Pre-PQ Process,SO-33230,DN-1427,Côte d'Ivoire,PMO - US,From RDC,N/A - From RDC,Air,Date Not Captured,N/A - From RDC,25-Sep-09,25-Sep-09,25-Sep-09,ARV,Adult,SCMS from RDC,"Lamivudine 150mg, tablets, 60 Tabs",Lamivudine,Generic,150mg,Tablet,60,5830,14225.2,2.44,0.04,"Aurobindo Unit III, India",No,See DN-1427 (ID#:11683),See DN-1427 (ID#:11683),27.88
67199,161-ZA-T30,FPQ-6262,SCMS-83830,ASN-8903,South Africa,PMO - US,Direct Drop,DDP,Ocean,8/31/2010,9/24/2010,6-Jan-11,6-Jan-11,6-Jan-11,ARV,Pediatric,Aurobindo Pharma Limited,"Nevirapine 10mg/ml, oral suspension w/syringe, Bottle, 240 ml",Nevirapine,Generic,10mg/ml,Oral suspension,240,35000,74200.0,2.12,0.01,"Aurobindo Unit III, India",Yes,12974,11138.89,159.98
83558,105-GY-T30,FPQ-8620,SO-41000,DN-2503,Guyana,PMO - US,From RDC,N/A - From RDC,Air,10/27/2011,N/A - From RDC,30-Mar-12,4-Feb-12,4-Feb-12,ARV,Pediatric,SCMS from RDC,"Abacavir 20mg/ml, oral solution w/syringe, Bottle, 240 ml",Abacavir,Generic,20mg/ml,Oral solution,240,55,687.5,12.5,0.05,"Aurobindo Unit III, India",No,See DN-2503 (ID#:83007),See DN-2503 (ID#:83007),0.96
85099,151-NG-T30,FPQ-4537,SO-35073,DN-1731,Nigeria,PMO - US,From RDC,N/A - From RDC,Air Charter,11/6/2009,N/A - From RDC,19-Apr-10,31-Mar-10,31-Mar-10,ARV,Adult,SCMS from RDC,"Emtricitabine/Tenofovir Disoproxil Fumarate 200/300mg, tablets, 30 Tabs",Emtricitabine/Tenofovir Disoproxil Fumarate,Generic,200/300mg,Tablet - FDC,30,35000,411250.0,11.75,0.39,Mylan (formerly Matrix) Nashik,Yes,2825,Freight Included in Commodity Cost,886.66
59750,111-MZ-T30,FPQ-11923,SCMS-187100,ASN-22575,Mozambique,PMO - US,Direct Drop,CIP,Air,4/19/2013,4/25/2013,8-Nov-13,8-Nov-13,29-Jan-14,ARV,Adult,ASPEN PHARMACARE,"Darunavir 300mg [Prezista], tablets, 120 Tabs",Darunavir,Prezista,300mg,Tablet,120,90,5994.0,66.6,0.55,"Janssen-Cilag, Latina, IT",Yes,Weight Captured Separately,Freight Included in Commodity Cost,7.41
8204,102-BW-T01,Pre-PQ Process,SCMS-14600,ASN-1154,Botswana,PMO - US,Direct Drop,CIF,Air,Pre-PQ Process,11/27/2007,27-Dec-07,27-Dec-07,27-Dec-07,HRDT,HIV test,Orasure Technologies Inc.,"HIV 1/2, OraQuick Advance HIV Rapid Antibody Kit, 100 Tests","HIV 1/2, OraQuick Advance HIV Rapid Antibody Kit",OraQuick,,Test kit,100,5,1750.0,350.0,3.5,"Pacific Biotech, Thailand",Yes,Weight Captured Separately,Freight Included in Commodity Cost,2.8
11109,111-MZ-T01,Pre-PQ Process,SO-293,DN-44,Mozambique,PMO - US,From RDC,N/A - From RDC,Air,Pre-PQ Process,N/A - From RDC,17-Apr-07,17-Apr-07,17-Apr-07,ARV,Pediatric,SCMS from RDC,"Abacavir 20mg/ml, oral solution, Bottle, 240 ml",Abacavir,Generic,20mg/ml,Oral solution,240,460,9683.0,21.05,0.09,"Aurobindo Unit III, India",No,See DN-44 (ID#:10549),See DN-44 (ID#:10549),
83809,110-ZM-T30,FPQ-13222,SO-47210,DN-3756,Zambia,PMO - US,From RDC,N/A - From RDC,Truck,10/31/2013,N/A - From RDC,30-Jun-14,4-Jul-14,4-Aug-14,ARV,Adult,SCMS from RDC,"Lamivudine/Stavudine 150/30mg, tablets, 60 Tabs",Lamivudine/Stavudine,Generic,150/30mg,Tablet - FDC,60,5232,13027.68,2.49,0.04,Hetero Unit III Hyderabad IN,Yes,414,770.14,13.39
11424,113-ZW-T01,Pre-PQ Process,SO-416,DN-252,Zimbabwe,PMO - US,From RDC,N/A - From RDC,,Pre-PQ Process,N/A - From RDC,30-Jul-07,30-Jul-07,30-Jul-07,ARV,Adult,SCMS from RDC,"Efavirenz 600mg, tablets, 30 Tabs",Efavirenz,Generic,600mg,Tablet,30,3200,52032.0,16.26,0.54,"Aurobindo Unit III, India",Yes,280,1300.45,83.25
85922,114-UG-T30,FPQ-10780,SO-43470,DN-2971,Uganda,PMO - US,From RDC,N/A - From RDC,Air,10/10/2012,N/A - From RDC,31-Jan-13,1-Feb-13,1-Feb-13,ARV,Adult,SCMS from RDC,"Nevirapine 200mg, tablets, 60 Tabs",Nevirapine,Generic,200mg,Tablet,60,699,1691.58,2.42,0.04,Hetero Unit III Hyderabad IN,No,See DN-2971 (ID#:84212),See DN-2971 (ID#:84212),2.37
73996,104-CI-T30,FPQ-12806,SCMS-206580,ASN-22054,Côte d'Ivoire,PMO - US,Direct Drop,EXW,Air,8/9/2013,9/16/2013,4-Nov-13,4-Nov-13,5-Nov-13,ARV,Adult,MYLAN LABORATORIES LTD (FORMERLY MATRIX LABORATORIES),"Atazanavir/Ritonavir 300/100mg, tablets, 30 Tabs",Atazanavir/Ritonavir,Generic,300/100mg,Tablet,30,4500,90000.0,20.0,0.67,Mylan (formerly Matrix) Nashik,Yes,608,4568.92,111.33
12614,109-TZ-T01,Pre-PQ Process,SO-31282,DN-1459,Tanzania,PMO - US,From RDC,N/A - From RDC,Truck,Date Not Captured,N/A - From RDC,26-Oct-09,26-Oct-09,26-Oct-09,ARV,Adult,SCMS from RDC,"Abacavir 300mg, tablets, 60 Tabs",Abacavir,Generic,300mg,Tablet,60,15900,404655.0,25.45,0.42,Mylan (formerly Matrix) Nashik,Yes,1630,2217.5,793.12
64352,114-UG-T30,FPQ-15314,SCMS-264720,ASN-31818,Uganda,PMO - US,Direct Drop,EXW,Air,11/11/2014,12/4/2014,14-May-15,14-May-15,14-May-15,HRDT,HIV test,"Trinity Biotech, Plc","HIV 1/2, Uni-Gold HIV Kit, 20 Tests","HIV 1/2, Uni-Gold HIV Kit",Uni-Gold,,Test kit,20,2600,83200.0,32.0,1.6,"Trinity Biotech, Plc",Yes,775,6164.1,97.93
42811,108-VN-T30,FPQ-5317,SCMS-69240,ASN-7581,Vietnam,PMO - US,Direct Drop,EXW,Air,3/22/2010,3/25/2010,13-Aug-10,13-Aug-10,13-Aug-10,ARV,Adult,Aurobindo Pharma Limited,"Didanosine 250mg, delayed-release capsules, 30 Caps",Didanosine,Generic,250mg,Delayed-release capsules,30,168,2184.0,13.0,0.43,"Aurobindo Unit III, India",Yes,2046,14405.31,4.71
84174,151-NG-T30,FPQ-8952,SO-41256,DN-2690,Nigeria,PMO - US,From RDC,N/A - From RDC,Air Charter,12/8/2011,N/A - From RDC,4-Jul-12,3-Jun-12,3-Jun-12,ARV,Adult,SCMS from RDC,"Nevirapine 200mg, tablets, 60 Tabs",Nevirapine,Generic,200mg,Tablet,60,100000,244000.0,2.44,0.04,"Strides, Bangalore, India.",No,See DN-2690 (ID#:83041),See DN-2690 (ID#:83041),342.09
50901,114-UG-T30,FPQ-13816,SCMS-231340,ASN-26447,Uganda,PMO - US,Direct Drop,EXW,Air,2/27/2014,3/19/2014,14-Jun-14,14-Jun-14,14-Jun-14,HRDT,HIV test,"Orgenics, Ltd","HIV 1/2, Determine Complete HIV Kit, 100 Tests","HIV 1/2, Determine Complete HIV Kit",Determine,,Test kit,100,6000,480000.0,80.0,0.8,"Alere Medical Co., Ltd.",Yes,2432,23178.68,493.44
12593,110-ZM-T01,Pre-PQ Process,SO-31900,DN-1286,Zambia,PMO - US,From RDC,N/A - From RDC,Air,Date Not Captured,N/A - From RDC,2-Jul-09,2-Jul-09,2-Jul-09,ARV,Pediatric,SCMS from RDC,"Efavirenz 200mg, capsule, 90 Caps",Efavirenz,Generic,200mg,Capsule,90,4000,61040.0,15.26,0.17,"Aurobindo Unit III, India",Yes,481,2951.12,119.64
83494,110-ZM-T30,FPQ-6319,SO-37420,DN-2146,Zambia,PMO - US,From RDC,N/A - From RDC,Truck,9/1/2010,N/A - From RDC,14-Apr-11,5-Apr-11,5-Apr-11,ARV,Adult,SCMS from RDC,"Efavirenz/Emtricitabine/Tenofovir Disoproxil Fumarate 600/200/300mg, tablets, 30 Tabs",Efavirenz/Emtricitabine/Tenofovir Disoproxil Fumarate,Generic,600/200/300mg,Tablet - FDC,30,120200,2394384.0,19.92,0.66,Mylan (formerly Matrix) Nashik,Yes,13222,4471.08,5162.29
85688,151-NG-T30,FPQ-5023,SO-36410,DN-1928,Nigeria,PMO - US,From RDC,N/A - From RDC,Air,2/10/2010,N/A - From RDC,15-Jul-10,28-Jun-10,28-Jun-10,ARV,Adult,SCMS from RDC,"Emtricitabine/Tenofovir Disoproxil Fumarate 200/300mg, tablets, 30 Tabs",Emtricitabine/Tenofovir Disoproxil Fumarate,Generic,200/300mg,Tablet - FDC,30,55797,655614.75,11.75,0.39,Mylan (formerly Matrix) Nashik,Yes,4665,Freight Included in Commodity Cost,1413.51
46395,116-ZA-T30,FPQ-13214,SCMS-215430,ASN-23608,South Africa,PMO - US,Direct Drop,DDP,Truck,11/14/2013,12/2/2013,9-Dec-13,9-Dec-13,20-Dec-13,ARV,Pediatric,S. BUYS WHOLESALER,"Lopinavir/Ritonavir 80/20mg/ml [Kaletra], oral solution, cool, Bottle 5 x 60 ml",Lopinavir/Ritonavir,Kaletra,80/20mg/ml,Oral solution,300,4,92.5,23.12,0.08,ABBVIE (Abbott) Logis. UK,Yes,Weight Captured Separately,Freight Included in Commodity Cost,0.1
7121,108-VN-T01,Pre-PQ Process,SCMS-23450,ASN-2336,Vietnam,PMO - US,Direct Drop,EXW,Air,Pre-PQ Process,5/14/2008,19-Sep-08,19-Sep-08,19-Sep-08,ARV,Adult,MYLAN LABORATORIES LTD (FORMERLY MATRIX LABORATORIES),"Zidovudine 300mg, tablets, 60 Tabs",Zidovudine,Generic,300mg,Tablet,60,648,4860.0,7.5,0.12,Mylan (formerly Matrix) Nashik,No,See ASN-2336 (ID#:530),See ASN-2336 (ID#:530),7.78
12759,117-ET-T01,Pre-PQ Process,SO-1523,DN-520,Ethiopia,PMO - US,From RDC,N/A - From RDC,Air,Pre-PQ Process,N/A - From RDC,20-Dec-07,20-Dec-07,20-Dec-07,ARV,Adult,SCMS from RDC,"Lamivudine/Zidovudine 150/300mg, tablets, 60 Tabs",Lamivudine/Zidovudine,Generic,150/300mg,Tablet - FDC,60,9691,92064.5,9.5,0.16,"Aurobindo Unit III, India",Yes,899,6483,147.3
22060,116-ZA-T30,FPQ-3596,SCMS-50371,ASN-5866,South Africa,PMO - US,Direct Drop,DDP,Truck,5/7/2009,9/22/2009,8-Dec-09,8-Dec-09,8-Dec-09,ARV,Pediatric,S. BUYS WHOLESALER,"Efavirenz 50mg, capsule, 30 Caps",Efavirenz,Generic,50mg,Capsule,30,4292,17235.27,4.02,0.13,"Aurobindo Unit III, India",Yes,Weight Captured Separately,Freight Included in Commodity Cost,33.78
86395,151-NG-T30,FPQ-7217,SO-40170,DN-2286,Nigeria,PMO - US,From RDC,N/A - From RDC,Air Charter,2/21/2011,N/A - From RDC,22-Jul-11,6-Jul-11,6-Jul-11,ARV,Adult,SCMS from RDC,"Lamivudine/Tenofovir Disoproxil Fumarate 300/300mg, tablets, 30 Tabs",Lamivudine/Tenofovir Disoproxil Fumarate,Generic,300/300mg,Tablet - FDC,30,29349,258858.18,8.82,0.29,Mylan (formerly Matrix) Nashik,Yes,2808,13398.06,427.12
26188,109-TZ-T30,FPQ-7909,SCMS-114980,ASN-11930,Tanzania,PMO - US,Direct Drop,EXW,Air,6/24/2011,7/18/2011,29-Sep-11,29-Sep-11,29-Sep-11,HRDT,HIV test,"Standard Diagnostics, Inc.","HIV 1/2, Bioline 3.0 Kit, Lancets, Capillary pipets, Alcohol swabs included, 25 Tests","HIV 1/2, Bioline 3.0 Kit, Lancets, Capillary pipets, Alcohol swabs included",Bioline,,Test kit,25,10000,200000.0,20.0,0.8,"Standard Diagnostics, Korea",Yes,3334,23030.38,330.0
85758,110-ZM-T30,FPQ-6482,SO-39130,DN-2194,Zambia,PMO - US,From RDC,N/A - From RDC,Truck,10/15/2010,N/A - From RDC,30-Apr-11,20-May-11,20-May-11,ARV,Adult,SCMS from RDC,"Nevirapine 200mg, tablets, 60 Tabs",Nevirapine,Generic,200mg,Tablet,60,84,210.84,2.51,0.04,Hetero Unit III Hyderabad IN,Yes,6,3402.23,0.45
11418,111-MZ-T01,Pre-PQ Process,SO-695,DN-214,Mozambique,PMO - US,From RDC,N/A - From RDC,Air,Pre-PQ Process,N/A - From RDC,18-Jul-07,18-Jul-07,18-Jul-07,ARV,Adult,SCMS from RDC,"Lopinavir/Ritonavir 200/50mg [Aluvia], tablets, 120 Tabs",Lopinavir/Ritonavir,Aluvia,200/50mg,Tablet,120,4000,164400.0,41.1,0.34,ABBVIE Ludwigshafen Germany,Yes,870,1149.57,263.04
85914,107-RW-T30,FPQ-9969,SO-42420,DN-2916,Rwanda,PMO - US,From RDC,N/A - From RDC,Air,5/25/2012,N/A - From RDC,16-Jan-13,16-Jan-13,16-Jan-13,ARV,Adult,SCMS from RDC,"Lamivudine/Stavudine 150/30mg, tablets, 60 Tabs",Lamivudine/Stavudine,Generic,150/30mg,Tablet - FDC,60,13152,38798.4,2.95,0.05,Hetero Unit III Hyderabad IN,Yes,1045,6152,54.4
80423,114-UG-T30,FPQ-6504,SCMS-91720,ASN-9221,Uganda,PMO - US,Direct Drop,EXW,Air,10/31/2010,11/18/2010,31-Dec-10,31-Dec-10,31-Dec-10,ARV,Adult,ASPEN PHARMACARE,"Darunavir 300mg [Prezista], tablets, 120 Tabs",Darunavir,Prezista,300mg,Tablet,120,175,15750.0,90.0,0.75,"Aspen-OSD, Port Elizabeth, SA",Yes,37,1333.01,25.99
39156,108-VN-T30,FPQ-4720,SCMS-62470,ASN-6341,Vietnam,PMO - US,Direct Drop,EXW,Air,1/4/2009,1/12/2010,1-Apr-10,1-Apr-10,1-Apr-10,ARV,Adult,MYLAN LABORATORIES LTD (FORMERLY MATRIX LABORATORIES),"Zidovudine 300mg, tablets, 60 Tabs",Zidovudine,Generic,300mg,Tablet,60,168,1260.0,7.5,0.12,Mylan (formerly Matrix) Nashik,No,See ASN-6341 (ID#:29298),See ASN-6341 (ID#:29298),2.72
12224,132-NG-T01,Pre-PQ Process,SO-2707,DN-921,Nigeria,PMO - US,From RDC,N/A - From RDC,Air,Pre-PQ Process,N/A - From RDC,28-Sep-08,28-Sep-08,28-Sep-08,ARV,Adult,SCMS from RDC,"Emtricitabine/Tenofovir Disoproxil Fumarate 200/300mg [Truvada], tablets, 30 Tabs",Emtricitabine/Tenofovir Disoproxil Fumarate,Truvada,300/200mg,Tablet - FDC,30,45000,1181250.0,26.25,0.88,"Aspen-OSD, Port Elizabeth, SA",No,See DN-921 (ID#:11917),See DN-921 (ID#:11917),1890.0
67917,161-ZA-T30,FPQ-5648,SCMS-75460,ASN-8900,South Africa,PMO - US,Direct Drop,DDP,Ocean,6/2/2010,6/17/2010,4-Mar-11,6-Jan-11,6-Jan-11,ARV,Adult,Aurobindo Pharma Limited,"Lamivudine 150mg, tablets, 60 Tabs",Lamivudine,Generic,150mg,Tablet,60,19172,46396.24,2.42,0.04,"Aurobindo Unit III, India",Yes,Weight Captured Separately,Freight Included in Commodity Cost,100.03
20185,105-SS-T30,FPQ-14470,SCMS-245260,ASN-29409,South Sudan,PMO - US,Direct Drop,EXW,Air,6/17/2014,6/30/2014,22-Dec-14,22-Dec-14,13-Jan-15,HRDT,HIV test - Ancillary,"Orgenics, Ltd","Chase Buffer, Determine, 100 Tests, 2.5ml x 1 Vial","Chase Buffer, Determine, 100 Tests, 2.5ml x 1 Vial",Determine,,Test kit - Ancillary,1,160,800.0,5.0,5.0,"Alere Medical Co., Ltd.",Yes,149,2084.52,0.82
82935,104-CI-T30,FPQ-6144,SO-37290,DN-2108,Côte d'Ivoire,PMO - US,From RDC,N/A - From RDC,Air,8/3/2010,N/A - From RDC,31-Jan-11,22-Feb-11,22-Feb-11,ARV,Adult,SCMS from RDC,"Zidovudine 300mg, tablets, 60 Tabs",Zidovudine,Generic,300mg,Tablet,60,13362,96340.02,7.21,0.12,"Aurobindo Unit III, India",No,See DN-2108 (ID#:82368),See DN-2108 (ID#:82368),207.71
85189,151-NG-T30,FPQ-7217,SO-39600,DN-2215,Nigeria,PMO - US,From RDC,N/A - From RDC,Air Charter,2/21/2011,N/A - From RDC,15-Jun-11,6-Jul-11,6-Jul-11,ARV,Adult,SCMS from RDC,"Tenofovir Disoproxil Fumarate 300mg, tablets, 30 Tabs",Tenofovir Disoproxil Fumarate,Generic,300mg,Tablet,30,3000,19710.0,6.57,0.22,"Aurobindo Unit III, India",Yes,263,13398.06,32.52
17861,108-VN-T30,FPQ-4720,SCMS-62490,ASN-6190,Vietnam,PMO - US,Direct Drop,EXW,Air,1/4/2009,1/12/2010,15-Mar-10,15-Mar-10,15-Mar-10,ARV,Adult,CIPLA LIMITED,"Lamivudine/Nevirapine/Stavudine 150/200/30mg, tablets, 60 Tabs",Lamivudine/Nevirapine/Stavudine,Generic,150/200/30mg,Tablet - FDC,60,19920,114340.8,5.74,0.1,"Cipla, Goa, India",Yes,1936,5314.56,246.52
54265,109-TZ-T30,FPQ-6795,SCMS-103290,ASN-10811,Tanzania,PMO - US,Direct Drop,FCA,Air,1/27/2011,4/14/2011,27-Jun-11,27-Jun-11,27-Jun-11,ARV,Adult,LAWRENCE LABORATORIES (SUBSIDIARY OF BRISTOL MYERS SQUIBB),"Didanosine EC 400mg [Videx EC], delayed-release capsules, Blister 3 x 10 Caps",Didanosine EC,Videx EC,400mg,Delayed-release capsules - blister,30,772,18273.24,23.67,0.79,Bristol-Myers Squibb Anagni IT,No,See ASN-10811 (ID#:17259),See ASN-10811 (ID#:17259),30.15
84704,106-HT-T30,FPQ-9056,SO-41320,DN-2521,Haiti,PMO - US,From RDC,N/A - From RDC,Air,12/20/2011,N/A - From RDC,30-Mar-12,13-Feb-12,13-Feb-12,ARV,Adult,SCMS from RDC,"Lamivudine/Nevirapine/Stavudine 150/200/30mg, tablets, 60 Tabs",Lamivudine/Nevirapine/Stavudine,Generic,150/200/30mg,Tablet - FDC,60,180,968.4,5.38,0.09,"Strides, Bangalore, India.",Yes,37,1221.01,1.36
70979,107-RW-T30,FPQ-10223,SCMS-152910,ASN-15893,Rwanda,PMO - US,Direct Drop,EXW,Air,7/5/2012,7/16/2012,9-Sep-12,9-Sep-12,9-Sep-12,ARV,Adult,Aurobindo Pharma Limited,"Nevirapine 200mg, tablets, 60 Tabs",Nevirapine,Generic,200mg,Tablet,60,58234,131026.5,2.25,0.04,"Aurobindo Unit III, India",Yes,5551,49069.74,183.7
32135,107-RW-T30,FPQ-15065,SCMS-263330,ASN-30487,Rwanda,PMO - US,Direct Drop,EXW,Air,10/15/2014,12/18/2014,18-Feb-15,18-Feb-15,19-Feb-15,HRDT,HIV test,"SHANGHAI KEHUA BIOENGINEERING CO.,LTD.  (KHB)","HIV 1/2, SKB Colloidal Gold, Diagnostic Kit, Antibody, 50 Tests","HIV 1/2, Colloidal Gold, Diagnostic Kit, Antibody",Colloidal Gold,,Test kit,1,4050,99225.0,24.5,24.5,"KHB Test Kit Facility, Shanghai China",Yes,2700,35593.04,102.0
83507,100-BJ-T30,FPQ-7658,SO-39810,DN-2250,Benin,PMO - US,From RDC,N/A - From RDC,Air,5/15/2011,N/A - From RDC,13-Jun-11,30-Jun-11,30-Jun-11,ARV,Adult,SCMS from RDC,"Lopinavir/Ritonavir 200/50mg [Aluvia], tablets, 120 Tabs",Lopinavir/Ritonavir,Aluvia,200/50mg,Tablet,120,611,20615.14,33.74,0.28,ABBVIE Ludwigshafen Germany,Yes,129,6477.67,34.01
12808,114-UG-T01,Pre-PQ Process,SO-1995,DN-683,Uganda,PMO - US,From RDC,N/A - From RDC,Air,Pre-PQ Process,N/A - From RDC,17-Apr-08,17-Apr-08,17-Apr-08,ARV,Pediatric,SCMS from RDC,"Nevirapine 10mg/ml, oral suspension, Bottle, 240 ml",Nevirapine,Generic,10mg/ml,Oral suspension,240,127,243.84,1.92,0.01,"Aurobindo Unit III, India",Yes,46,740.34,0.39
46897,108-VN-T30,FPQ-12539,SCMS-199840,ASN-23174,Vietnam,PMO - US,Direct Drop,EXW,Air,7/11/2013,7/25/2013,8-Jan-14,8-Jan-14,8-Jan-14,ARV,Adult,HETERO LABS LIMITED,"Tenofovir Disoproxil Fumarate 300mg, tablets, 30 Tabs",Tenofovir Disoproxil Fumarate,Generic,300mg,Tablet,30,12693,45060.15,3.55,0.12,Hetero Unit III Hyderabad IN,Yes,975,2048.91,55.74
83708,114-UG-T30,FPQ-12473,SO-45870,DN-3267,Uganda,PMO - US,From RDC,N/A - From RDC,Air,6/11/2013,N/A - From RDC,29-Aug-13,13-Sep-13,13-Sep-13,ARV,Adult,SCMS from RDC,"Efavirenz 600mg, tablets, 30 Tabs",Efavirenz,Generic,600mg,Tablet,30,36007,119903.31,3.33,0.11,"Aurobindo Unit III, India",Yes,19158,106022.37,148.32
7718,116-ZA-T01,Pre-PQ Process,SCMS-40780,ASN-3607,South Africa,PMO - US,Direct Drop,DDP,Air,Pre-PQ Process,Date Not Captured,17-Mar-09,28-Nov-08,28-Nov-08,ARV,Adult,S. BUYS WHOLESALER,"Zidovudine 300mg, tablets, 60 Tabs",Zidovudine,Generic,300mg,Tablet,60,300,3699.0,12.33,0.21,"Aurobindo Unit III, India",No,Weight Captured Separately,Freight Included in Commodity Cost,7.25
9023,116-ZA-T01,Pre-PQ Process,SCMS-40830,ASN-3578,South Africa,PMO - US,Direct Drop,DDP,Air,Pre-PQ Process,Date Not Captured,28-Apr-09,19-Dec-08,19-Dec-08,ARV,Adult,S. BUYS WHOLESALER,"Efavirenz 600mg, tablets, 30 Tabs",Efavirenz,Generic,600mg,Tablet,30,3710,60732.7,16.37,0.55,"Aurobindo Unit III, India",Yes,Weight Captured Separately,Freight Included in Commodity Cost,119.04
76459,161-ZA-T30,FPQ-6262,SCMS-83770,ASN-10253,South Africa,PMO - US,Direct Drop,DDP,Ocean,8/31/2010,9/24/2010,26-Apr-11,26-May-11,26-May-11,ARV,Adult,Aurobindo Pharma Limited,"Efavirenz 600mg, tablets, 30 Tabs",Efavirenz,Generic,600mg,Tablet,30,96721,438146.13,4.53,0.15,"Aurobindo Unit III, India",Yes,Weight Captured Separately,Freight Included in Commodity Cost,944.64
12860,117-ET-T01,Pre-PQ Process,SO-22030,DN-1062,Ethiopia,PMO - US,From RDC,N/A - From RDC,Air,Pre-PQ Process,N/A - From RDC,4-Mar-09,4-Mar-09,4-Mar-09,ARV,Adult,SCMS from RDC,"Efavirenz 600mg, tablets, 30 Tabs",Efavirenz,Generic,600mg,Tablet,30,35299,374875.38,10.62,0.35,"Aurobindo Unit III, India",No,See DN-1062 (ID#:12256),See DN-1062 (ID#:12256),734.76
12315,110-ZM-T01,Pre-PQ Process,SO-29090,DN-1406,Zambia,PMO - US,From RDC,N/A - From RDC,Truck,Date Not Captured,N/A - From RDC,22-Sep-09,22-Sep-09,22-Sep-09,ARV,Adult,SCMS from RDC,"Lamivudine/Tenofovir Disoproxil Fumarate 300/300mg, tablets, 30 Tabs",Lamivudine/Tenofovir Disoproxil Fumarate,Generic,300/300mg,Tablet - FDC,30,92095,1059092.5,11.5,0.38,Mylan (formerly Matrix) Nashik,Yes,7686,6759.28,2075.82
85542,104-CI-T30,FPQ-13628,SO-47912,DN-4024,Côte d'Ivoire,PMO - US,From RDC,N/A - From RDC,Truck,1/29/2014,N/A - From RDC,30-Jan-15,11-Feb-15,16-Feb-15,ARV,Adult,SCMS from RDC,"Lamivudine/Nevirapine/Zidovudine 150/200/300mg, tablets, 60 Tabs",Lamivudine/Nevirapine/Zidovudine,Generic,150/300/200mg,Tablet - FDC,60,50700,391404.0,7.72,0.13,Mylan (formerly Matrix) Nashik,No,See DN-4024 (ID#:82756),See DN-4024 (ID#:82756),402.36
65219,113-ZW-T30,FPQ-8447,SCMS-122760,ASN-12885,Zimbabwe,PMO - US,Direct Drop,EXW,Air,9/16/2011,9/21/2011,22-Dec-11,22-Dec-11,22-Dec-11,HRDT,HIV test,"Orgenics, Ltd","HIV 1/2, Determine Complete HIV Kit, 100 Tests","HIV 1/2, Determine Complete HIV Kit",Determine,,Test kit,100,1800,144000.0,80.0,0.8,"Alere Medical Co., Ltd.",Yes,885,17806.34,237.6
9351,109-TZ-T01,Pre-PQ Process,SCMS-10280,ASN-787,Tanzania,PMO - US,Direct Drop,EXW,Air,Pre-PQ Process,Date Not Captured,22-Nov-07,22-Nov-07,22-Nov-07,HRDT,HIV test,"Standard Diagnostics, Inc.","HIV 1/2, Bioline 3.0 Kit, Lancets, Capillary pipets, Alcohol swabs included, 25 Tests","HIV 1/2, Bioline 3.0 Kit, Lancets, Capillary pipets, Alcohol swabs included",Bioline,,Test kit,25,10000,200000.0,20.0,0.8,"Standard Diagnostics, Korea",Yes,3345,29470,320.0
10633,111-MZ-T01,Pre-PQ Process,SO-1038,DN-426,Mozambique,PMO - US,From RDC,N/A - From RDC,Air,Pre-PQ Process,N/A - From RDC,29-Nov-07,29-Nov-07,29-Nov-07,ARV,Adult,SCMS from RDC,"Lamivudine/Zidovudine 150/300mg, tablets, 60 Tabs",Lamivudine/Zidovudine,Generic,150/300mg,Tablet - FDC,60,10044,95418.0,9.5,0.16,"Cipla, Goa, India",Yes,7341,10879.28,152.67
12265,151-NG-T01,Pre-PQ Process,SO-21802,DN-1136,Nigeria,PMO - US,From RDC,N/A - From RDC,Air Charter,Pre-PQ Process,N/A - From RDC,19-Mar-09,19-Mar-09,19-Mar-09,ARV,Adult,SCMS from RDC,"Lamivudine/Nevirapine/Zidovudine 150/200/300mg, tablets, 60 Tabs",Lamivudine/Nevirapine/Zidovudine,Generic,150/300/200mg,Tablet - FDC,60,11661,132935.4,11.4,0.19,"Aurobindo Unit III, India",Yes,1311,11492.86,260.55
46353,133-NG-T30,FPQ-10349,SCMS-155300,ASN-17316,Nigeria,PMO - US,Direct Drop,EXW,Air,7/17/2012,8/10/2012,21-Dec-12,21-Dec-12,21-Dec-12,HRDT,HIV test,"Trinity Biotech, Plc","HIV 1/2, Uni-Gold HIV Kit, 20 Tests","HIV 1/2, Uni-Gold HIV Kit",Uni-Gold,,Test kit,20,6042,193344.0,32.0,1.6,"Trinity Biotech, Plc",Yes,1990,22859.07,271.07
11568,114-UG-T01,Pre-PQ Process,SO-17770,DN-998,Uganda,PMO - US,From RDC,N/A - From RDC,Truck,Pre-PQ Process,N/A - From RDC,15-Dec-08,15-Dec-08,15-Dec-08,ARV,Adult,SCMS from RDC,"Nevirapine 200mg, tablets, 60 Tabs",Nevirapine,Generic,200mg,Tablet,60,2523,8073.6,3.2,0.05,Hetero Unit III Hyderabad IN,Yes,585,5698.01,15.82
29140,108-VN-T30,FPQ-12539,SCMS-199730,ASN-22935,Vietnam,PMO - US,Direct Drop,EXW,Air,7/11/2013,7/25/2013,24-Dec-13,24-Dec-13,23-Dec-13,ARV,Adult,Aurobindo Pharma Limited,"Abacavir 300mg, tablets, 60 Tabs",Abacavir,Generic,300mg,Tablet,60,809,9222.6,11.4,0.19,"Aurobindo Unit III, India",Yes,81,459.72,11.41
11593,114-UG-T01,Pre-PQ Process,SO-17440,DN-969,Uganda,PMO - US,From RDC,N/A - From RDC,Air,Pre-PQ Process,N/A - From RDC,4-Nov-08,4-Nov-08,4-Nov-08,ARV,Adult,SCMS from RDC,"Emtricitabine/Tenofovir Disoproxil Fumarate 200/300mg [Truvada], tablets, 30 Tabs",Emtricitabine/Tenofovir Disoproxil Fumarate,Truvada,300/200mg,Tablet - FDC,30,67,1758.75,26.25,0.88,Gilead(Nycomed) Oranienburg DE,Yes,666,4503,3.45
82792,114-UG-T30,FPQ-15294,SO-50080,DN-4216,Uganda,PMO - US,From RDC,N/A - From RDC,Truck,11/3/2014,N/A - From RDC,30-Apr-15,22-Apr-15,24-Apr-15,ARV,Pediatric,SCMS from RDC,"Lamivudine/Zidovudine 30/60mg, dispersible tablets, 60 Tabs",Lamivudine/Zidovudine,Generic,30/60mg,Chewable/dispersible tablet - FDC,60,6000,11520.0,1.92,0.03,"Mylan,  H-12 & H-13, India",Yes,11732,Freight Included in Commodity Cost,13.56
12729,111-MZ-T01,Pre-PQ Process,SO-1038,DN-426,Mozambique,PMO - US,From RDC,N/A - From RDC,Air,Pre-PQ Process,N/A - From RDC,29-Nov-07,29-Nov-07,29-Nov-07,ARV,Adult,SCMS from RDC,"Efavirenz 600mg, tablets, 30 Tabs",Efavirenz,Generic,600mg,Tablet,30,37300,463266.0,12.42,0.41,"Cipla, Goa, India",No,See DN-426 (ID#:10633),See DN-426 (ID#:10633),741.23
86593,101-CD-T30,FPQ-12088,SO-45030,DN-3269,"Congo, DRC",PMO - US,From RDC,N/A - From RDC,Air,4/12/2013,N/A - From RDC,28-Aug-13,8-Feb-14,11-Mar-14,ARV,Pediatric,SCMS from RDC,"Zidovudine 10mg/ml, oral solution w/syringe, Bottle, 240 ml",Zidovudine,Generic,10mg/ml,Oral solution,240,502,1054.2,2.1,0.01,"Aurobindo Unit III, India",No,See DN-3269 (ID#:83711),See DN-3269 (ID#:83711),1.3
67666,116-ZA-T30,FPQ-14942,SCMS-259075,ASN-32122,South Africa,PMO - US,Direct Drop,DDP,Truck,9/11/2014,5/11/2015,12-May-15,12-May-15,12-May-15,ARV,Pediatric,PHARMACY DIRECT,"Efavirenz 200mg, capsule, 90 Caps",Efavirenz,Generic,200mg,Capsule,90,12,204.53,17.04,0.19,"Aurobindo Unit III, India",No,Weight Captured Separately,Freight Included in Commodity Cost,0.21
84809,111-MZ-T30,FPQ-11882,SO-44830,DN-3110,Mozambique,PMO - US,From RDC,N/A - From RDC,Truck,3/19/2013,N/A - From RDC,6-Jun-13,20-Jun-13,20-Jun-13,ARV,Adult,SCMS from RDC,"Lamivudine/Zidovudine 150/300mg, tablets, 60 Tabs",Lamivudine/Zidovudine,Generic,150/300mg,Tablet - FDC,60,100000,727000.0,7.27,0.12,Hetero Unit III Hyderabad IN,Yes,36920,7852.98,899.3
1648,102-BW-T01,Pre-PQ Process,SCMS-18550,ASN-1448,Botswana,PMO - US,Direct Drop,EXW,Air,Pre-PQ Process,Date Not Captured,11-Apr-08,11-Apr-08,11-Apr-08,HRDT,HIV test,Orasure Technologies Inc.,"HIV 1/2, OraQuick Advance HIV Rapid Antibody Kit, 100 Tests","HIV 1/2, OraQuick Advance HIV Rapid Antibody Kit",OraQuick,,Test kit,100,10,3500.0,350.0,3.5,"Pacific Biotech, Thailand",Yes,39,604,5.6
12682,109-TZ-T01,Pre-PQ Process,SO-455,DN-290,Tanzania,PMO - US,From RDC,N/A - From RDC,,Pre-PQ Process,N/A - From RDC,10-Sep-07,10-Sep-07,10-Sep-07,ARV,Adult,SCMS from RDC,"Efavirenz 600mg, tablets, 30 Tabs",Efavirenz,Generic,600mg,Tablet,30,8000,130080.0,16.26,0.54,"Aurobindo Unit III, India",No,See DN-290 (ID#:10859),See DN-290 (ID#:10859),208.13
83743,104-CI-T30,FPQ-11253,SO-44180,DN-3447,Côte d'Ivoire,PMO - US,From RDC,N/A - From RDC,Truck,12/14/2012,N/A - From RDC,17-Dec-13,17-Dec-13,20-Jan-14,ARV,Pediatric,SCMS from RDC,"Lamivudine/Nevirapine/Zidovudine 30/50/60mg, dispersible tablets, 60 Tabs",Lamivudine/Nevirapine/Zidovudine,Generic,30/50/60mg,Chewable/dispersible tablet - FDC,60,4200,16338.0,3.89,0.06,"Strides, Bangalore, India.",Yes,180,1965.57,20.21
11829,106-HT-T01,Pre-PQ Process,SO-1484,DN-502,Haiti,PMO - US,From RDC,N/A - From RDC,Air,Pre-PQ Process,N/A - From RDC,10-Dec-07,10-Dec-07,10-Dec-07,ARV,Adult,SCMS from RDC,"Efavirenz 600mg, tablets, 30 Tabs",Efavirenz,Generic,600mg,Tablet,30,35000,434700.0,12.42,0.41,"Strides, Bangalore, India.",Yes,2153,24448,695.52
7122,108-VN-T01,Pre-PQ Process,SCMS-23460,ASN-2243,Vietnam,PMO - US,Direct Drop,EXW,Air,Pre-PQ Process,5/13/2008,11-Aug-08,11-Aug-08,11-Aug-08,ARV,Adult,STRIDES ARCOLAB LIMITED,"Stavudine 30mg, capsules, 60 Caps",Stavudine,Generic,30mg,Capsule,60,9275,13448.75,1.45,0.02,"Strides, Bangalore, India.",Yes,432,7444.35,21.52
85076,114-UG-T30,FPQ-4470,SO-34010,DN-1548,Uganda,PMO - US,From RDC,N/A - From RDC,Air,8/17/2009,N/A - From RDC,30-Nov-09,2-Dec-09,2-Dec-09,ARV,Adult,SCMS from RDC,"Efavirenz 600mg, tablets, 30 Tabs",Efavirenz,Generic,600mg,Tablet,30,5000,28900.0,5.78,0.19,"Aurobindo Unit III, India",Yes,907,9044.65,56.64
51217,200-ZW-T30,FPQ-6488,SCMS-90690,ASN-13956,Zimbabwe,PMO - US,Direct Drop,FCA,Air,10/26/2010,11/10/2010,2-Apr-12,2-Apr-12,2-Apr-12,ARV,Pediatric,ABBVIE LOGISTICS (FORMERLY ABBOTT LOGISTICS BV),"Lopinavir/Ritonavir 80/20mg/ml [Kaletra], oral solution, cool, Bottle 5 x 60 ml",Lopinavir/Ritonavir,Kaletra,80/20mg/ml,Oral solution,300,1251,38555.82,30.82,0.1,ABBVIE (Abbott) Logis. UK,Yes,1254,54424.24,83.13
84929,107-RW-T30,FPQ-12190,SO-45391,DN-3714,Rwanda,PMO - US,From RDC,N/A - From RDC,Truck,5/6/2013,N/A - From RDC,30-May-14,3-Jul-14,9-Jul-14,ARV,Adult,SCMS from RDC,"Nevirapine 200mg, tablets, 60 Tabs",Nevirapine,Generic,200mg,Tablet,60,30666,67771.86,2.21,0.04,Hetero Unit III Hyderabad IN,Yes,1878,11085.83,83.83
11117,104-CI-T01,Pre-PQ Process,SO-586,DN-194,Côte d'Ivoire,PMO - US,From RDC,N/A - From RDC,,Pre-PQ Process,N/A - From RDC,28-Jun-07,28-Jun-07,28-Jun-07,ARV,Adult,SCMS from RDC,"Lopinavir/Ritonavir 200/50mg [Aluvia], tablets, 120 Tabs",Lopinavir/Ritonavir,Aluvia,200/50mg,Tablet,120,4000,164400.0,41.1,0.34,ABBVIE Ludwigshafen Germany,Yes,1015,3256,263.04
65186,108-VN-T30,FPQ-10811,SCMS-164580,ASN-18662,Vietnam,PMO - US,Direct Drop,EXW,Air,10/15/2012,11/7/2012,3-Apr-13,3-Apr-13,3-Apr-13,ARV,Adult,HETERO LABS LIMITED,"Lamivudine/Zidovudine 150/300mg, tablets, 60 Tabs",Lamivudine/Zidovudine,Generic,150/300mg,Tablet - FDC,60,11623,81361.0,7.0,0.12,Hetero Unit III Hyderabad IN,No,See ASN-18662 (ID#:38299),See ASN-18662 (ID#:38299),100.64
12418,110-ZM-T01,Pre-PQ Process,SO-909,DN-400,Zambia,PMO - US,From RDC,N/A - From RDC,,Pre-PQ Process,N/A - From RDC,2-Nov-07,2-Nov-07,2-Nov-07,ARV,Adult,SCMS from RDC,"Stavudine 20mg, capsules, 60 Caps",Stavudine,Generic,20mg,Capsule,60,1381,2416.75,1.75,0.03,"Aurobindo Unit III, India",Yes,232,1320.08,3.87
84133,101-CD-T30,FPQ-8840,SO-41133,DN-2495,"Congo, DRC",PMO - US,From RDC,N/A - From RDC,Air,11/21/2011,N/A - From RDC,16-Mar-12,14-Feb-12,14-Feb-12,ARV,Adult,SCMS from RDC,"Lamivudine/Zidovudine 150/300mg, tablets, 60 Tabs",Lamivudine/Zidovudine,Generic,150/300mg,Tablet - FDC,60,75,619.5,8.26,0.14,"Aurobindo Unit III, India",No,See DN-2495 (ID#:83555),See DN-2495 (ID#:83555),0.87
85031,104-CI-T30,FPQ-14370,SO-49040,DN-4253,Côte d'Ivoire,PMO - US,From RDC,N/A - From RDC,Truck,5/23/2014,N/A - From RDC,8-Jun-15,8-Jun-15,19-Jun-15,ARV,Adult,SCMS from RDC,"Lamivudine/Zidovudine 150/300mg, tablets, 60 Tabs",Lamivudine/Zidovudine,Generic,150/300mg,Tablet - FDC,60,25526,166429.52,6.52,0.11,Hetero Unit III Hyderabad IN,No,See DN-4253 (ID#:83334),See DN-4253 (ID#:83334),171.09
64617,116-ZA-T30,FPQ-14942,SCMS-259078,ASN-33470,South Africa,PMO - US,Direct Drop,DDP,Truck,9/11/2014,10/9/2014,24-Jul-15,24-Jul-15,24-Jul-15,ARV,Pediatric,PHARMACY DIRECT,"Abacavir 20mg/ml, oral solution, Bottle, 240 ml",Abacavir,Generic,20mg/ml,Oral solution,240,25,474.97,19.0,0.08,"Aurobindo Unit III, India",No,Weight Captured Separately,Freight Included in Commodity Cost,0.49
84647,113-ZW-T30,FPQ-6470,SO-39510,DN-2205,Zimbabwe,PMO - US,From RDC,N/A - From RDC,Truck,10/13/2010,N/A - From RDC,31-May-11,15-Jun-11,15-Jun-11,ARV,Adult,SCMS from RDC,"Lamivudine/Nevirapine/Stavudine 150/200/30mg, tablets, 60 Tabs",Lamivudine/Nevirapine/Stavudine,Generic,150/200/30mg,Tablet - FDC,60,69207,372333.66,5.38,0.09,"Cipla, Goa, India",No,See DN-2205 (ID#:82950),See DN-2205 (ID#:82950),802.75
86512,114-UG-T30,FPQ-9875,SO-42082,DN-2831,Uganda,PMO - US,From RDC,N/A - From RDC,Truck,5/9/2012,N/A - From RDC,31-Oct-12,31-Oct-12,31-Oct-12,ARV,Adult,SCMS from RDC,"Lamivudine/Tenofovir Disoproxil Fumarate 300/300mg, tablets, 30 Tabs",Lamivudine/Tenofovir Disoproxil Fumarate,Generic,300/300mg,Tablet - FDC,30,19078,105692.12,5.54,0.18,Hetero Unit III Hyderabad IN,Yes,2030,11846.85,148.18
84739,151-NG-T30,FPQ-9432,SO-42932,DN-2793,Nigeria,PMO - US,From RDC,N/A - From RDC,Air Charter,3/1/2012,N/A - From RDC,20-Aug-12,14-Aug-12,14-Aug-12,ARV,Adult,SCMS from RDC,"Emtricitabine/Tenofovir Disoproxil Fumarate 200/300mg, tablets, 30 Tabs",Emtricitabine/Tenofovir Disoproxil Fumarate,Generic,200/300mg,Tablet - FDC,30,41665,296238.15,7.11,0.24,"Aurobindo Unit III, India",Yes,5110,18461.22,415.33
83973,117-ET-T30,FPQ-4828,SO-35470,DN-1616,Ethiopia,PMO - US,From RDC,N/A - From RDC,Air,12/28/2009,N/A - From RDC,28-Feb-10,15-Jan-10,15-Jan-10,ARV,Adult,SCMS from RDC,"Lamivudine/Zidovudine 150/300mg, tablets, 60 Tabs",Lamivudine/Zidovudine,Generic,150/300mg,Tablet - FDC,60,16019,140326.44,8.76,0.15,"Aurobindo Unit III, India",Yes,1454,5187.5,302.54
24571,901-NA-T30,FPQ-14689,SCMS-253440,ASN-29097,Namibia,PMO - US,Direct Drop,EXW,Air,7/30/2014,8/29/2014,19-Nov-14,19-Nov-14,19-Nov-14,ARV,Adult,HETERO LABS LIMITED,"Lamivudine/Nevirapine/Zidovudine 150/200/300mg, tablets, 60 Tabs",Lamivudine/Nevirapine/Zidovudine,Generic,150/300/200mg,Tablet - FDC,60,12788,106012.52,8.29,0.14,"Hetero, Jadcherla, unit 5, IN",No,See ASN-29097 (ID#:17900),See ASN-29097 (ID#:17900),108.98
40627,161-ZA-T30,FPQ-7175,SCMS-103950,ASN-11462,South Africa,PMO - US,Direct Drop,DDP,Ocean,3/10/2011,3/28/2011,16-Sep-11,16-Sep-11,16-Sep-11,ARV,Adult,STRIDES ARCOLAB LIMITED,"Nevirapine 200mg, tablets, 60 Tabs",Nevirapine,Generic,200mg,Tablet,60,150000,430500.0,2.87,0.05,"Strides, Bangalore, India.",Yes,9282,15222.94,710.32
85697,151-NG-T30,FPQ-5688,SO-36930,DN-1974,Nigeria,PMO - US,From RDC,N/A - From RDC,Air Charter,5/27/2010,N/A - From RDC,31-Aug-10,17-Aug-10,17-Aug-10,ARV,Adult,SCMS from RDC,"Lamivudine/Nevirapine/Zidovudine 150/200/300mg, tablets, 60 Tabs",Lamivudine/Nevirapine/Zidovudine,Generic,150/300/200mg,Tablet - FDC,60,80000,897600.0,11.22,0.19,"Aurobindo Unit III, India",Yes,10519,6147.18,1935.23
63579,105-SS-T30,FPQ-11538,SCMS-176920,ASN-18783,South Sudan,PMO - US,Direct Drop,EXW,Air,1/24/2013,2/22/2013,16-May-13,16-May-13,16-May-13,HRDT,HIV test,"Trinity Biotech, Plc","HIV 1/2, Uni-Gold HIV Kit, 20 Tests","HIV 1/2, Uni-Gold HIV Kit",Uni-Gold,,Test kit,20,125,4000.0,32.0,1.6,"Trinity Biotech, Plc",Yes,41,1441.21,4.95
5033,116-ZA-T01,Pre-PQ Process,SCMS-40780,ASN-3607,South Africa,PMO - US,Direct Drop,DDP,Air,Pre-PQ Process,Date Not Captured,17-Mar-09,28-Nov-08,28-Nov-08,ARV,Adult,S. BUYS WHOLESALER,"Nevirapine 200mg, tablets, 60 Tabs",Nevirapine,Generic,200mg,Tablet,60,983,4875.68,4.96,0.08,"Aurobindo Unit III, India",No,Weight Captured Separately,Freight Included in Commodity Cost,9.56
67244,107-RW-T30,FPQ-12518,SCMS-198222,ASN-24717,Rwanda,PMO - US,Direct Drop,EXW,Air,6/21/2013,8/12/2013,27-Mar-14,27-Mar-14,27-Mar-14,HRDT,HIV test,"SHANGHAI KEHUA BIOENGINEERING CO.,LTD.  (KHB)","HIV 1/2, SKB Colloidal Gold, Diagnostic Kit, Antibody, 50 Tests","HIV 1/2, Colloidal Gold, Diagnostic Kit, Antibody",Colloidal Gold,,Test kit,1,2988,73206.0,24.5,24.5,"KHB Test Kit Facility, Shanghai China",Yes,1992,26266.34,90.56
82516,104-CI-T30,FPQ-9136,SO-41370,DN-2877,Côte d'Ivoire,PMO - US,From RDC,N/A - From RDC,Truck,1/2/2012,N/A - From RDC,15-Oct-12,5-Oct-12,5-Oct-12,ARV,Adult,SCMS from RDC,"Lopinavir/Ritonavir 200/50mg, tablets, 120 Tabs",Lopinavir/Ritonavir,Generic,200/50mg,Tablet,120,24097,643389.9,26.7,0.22,Mylan (formerly Matrix) Nashik,Yes,6375,18661.97,902.03
993,107-RW-T01,Pre-PQ Process,SCMS-38660,ASN-3710,Rwanda,PMO - US,Direct Drop,EXW,Air,Pre-PQ Process,2/18/2009,28-Apr-09,28-Apr-09,28-Apr-09,HRDT,HIV test,Premier Medical Corporation Ltd.,"HIV 1/2/O, First Response HIV 1-2.0, v.3.0 Cards Kit, 30 Tests","HIV 1/2/O, First Response HIV 1-2.0, v.3.0 Cards Kit",First Response,,Test kit,30,8249,185602.5,22.5,0.75,Premier Med. Corp Ltd. India,Yes,2800,12595.81,363.78
10825,113-ZW-T01,Pre-PQ Process,SO-279,DN-187,Zimbabwe,PMO - US,From RDC,N/A - From RDC,,Pre-PQ Process,N/A - From RDC,12-Jun-07,12-Jun-07,12-Jun-07,ARV,Adult,SCMS from RDC,"Lamivudine 150mg, tablets, 60 Tabs",Lamivudine,Generic,150mg,Tablet,60,2329,7615.83,3.27,0.05,"Ranbaxy, Paonta Shahib, India",Yes,153,1013.24,12.19
85562,151-NG-T30,FPQ-14156,SO-50881,DN-4134,Nigeria,PMO - US,From RDC,N/A - From RDC,Air Charter,4/25/2014,N/A - From RDC,2-Mar-15,5-Feb-15,10-Feb-15,ARV,Adult,SCMS from RDC,"Zidovudine 300mg, tablets, 60 Tabs",Zidovudine,Generic,300mg,Tablet,60,14648,80564.0,5.5,0.09,"Cipla, Goa, India",Yes,1023,2244.2,82.82
31332,101-CD-T30,FPQ-14569,SCMS-250300,ASN-27786,"Congo, DRC",PMO - US,Direct Drop,EXW,Air,7/23/2014,8/4/2014,5-Feb-15,5-Feb-15,11-Feb-15,ANTM,Malaria,IMRES B.V.,"Sulfadoxine/Pyrimethamine 500/25mg, tablets, 1000 Tabs",Sulfadoxine/Pyrimethamine,Generic,500/25mg,Tablet - FDC,1000,1370,37401.0,27.3,0.03,"Guilin OSD site, No 17, China",Yes,1125,9693.68,38.45
80138,116-ZA-T30,FPQ-5535,SCMS-71370,ASN-7373,South Africa,PMO - US,Direct Drop,DDP,Truck,4/19/2010,4/21/2010,31-May-10,31-May-10,31-May-10,ARV,Adult,S. BUYS WHOLESALER,"Didanosine EC 400mg [Videx EC], delayed-release capsules, Blister 3 x 10 Caps",Didanosine EC,Videx EC,400mg,Delayed-release capsules - blister,30,140,4039.16,28.85,0.96,"BMS Meymac, France",No,Weight Captured Separately,Freight Included in Commodity Cost,8.71
31146,108-VN-T30,FPQ-7898,SCMS-113610,ASN-13013,Vietnam,PMO - US,Direct Drop,EXW,Air,6/27/2011,7/8/2011,20-Dec-11,20-Dec-11,20-Dec-11,ARV,Adult,STRIDES ARCOLAB LIMITED,"Lamivudine/Nevirapine/Zidovudine 150/200/300mg, tablets, 60 Tabs",Lamivudine/Nevirapine/Zidovudine,Generic,150/300/200mg,Tablet - FDC,60,9030,95718.0,10.6,0.18,"Strides, Bangalore, India.",Yes,1054,5726.24,157.93
11758,104-CI-T01,Pre-PQ Process,SO-589,DN-314,Côte d'Ivoire,PMO - US,From RDC,N/A - From RDC,,Pre-PQ Process,N/A - From RDC,24-Aug-07,24-Aug-07,24-Aug-07,ARV,Pediatric,SCMS from RDC,"Efavirenz 50mg [Stocrin/Sustiva], capsule, 30 Caps",Efavirenz,Stocrin/Sustiva,50mg,Capsule,30,4515,15667.05,3.47,0.12,"MSD, Haarlem, NL",No,See DN-314 (ID#:11757),See DN-314 (ID#:11757),25.07
9088,106-HT-T01,Pre-PQ Process,SCMS-42680,ASN-3808,Haiti,PMO - US,Direct Drop,EXW,Air,Pre-PQ Process,4/2/2009,24-Apr-09,24-Apr-09,24-Apr-09,HRDT,HIV test,"Trinity Biotech, Plc","HIV 1/2, Capillus HIV Kit, 100 Tests","HIV 1/2, Capillus HIV Kit",Capillus,,Test kit,100,150,20850.0,139.0,1.39,"Trinity Biotech, Plc",Yes,105,1894.41,40.87
85547,104-CI-T30,FPQ-13628,SO-47900,DN-4039,Côte d'Ivoire,PMO - US,From RDC,N/A - From RDC,Truck,1/29/2014,N/A - From RDC,30-Jan-15,11-Feb-15,16-Feb-15,ARV,Adult,SCMS from RDC,"Abacavir/Lamivudine 600/300mg, tablets, 30 Tabs",Abacavir/Lamivudine,Generic,600/300mg,Tablet - FDC,30,2000,26980.0,13.49,0.45,Mylan (formerly Matrix) Nashik,No,See DN-4039 (ID#:83869),See DN-4039 (ID#:83869),27.74
85803,104-CI-T30,FPQ-8295,SO-40750,DN-2420,Côte d'Ivoire,PMO - US,From RDC,N/A - From RDC,Truck,8/25/2011,N/A - From RDC,9-Dec-11,19-Nov-11,19-Nov-11,ARV,Adult,SCMS from RDC,"Emtricitabine/Tenofovir Disoproxil Fumarate 200/300mg, tablets, 30 Tabs",Emtricitabine/Tenofovir Disoproxil Fumarate,Generic,200/300mg,Tablet - FDC,30,14480,129885.6,8.97,0.3,"Aurobindo Unit III, India",No,See DN-2420 (ID#:82989),See DN-2420 (ID#:82989),214.31
85996,104-CI-T30,FPQ-12144,SO-45610,DN-3313,Côte d'Ivoire,PMO - US,From RDC,N/A - From RDC,Truck,4/22/2013,N/A - From RDC,8-Jan-14,13-Sep-13,13-Sep-13,ARV,Adult,SCMS from RDC,"Lamivudine/Tenofovir Disoproxil Fumarate 300/300mg, tablets, 30 Tabs",Lamivudine/Tenofovir Disoproxil Fumarate,Generic,300/300mg,Tablet - FDC,30,12180,57246.0,4.7,0.16,"Aurobindo Unit VII, IN",Yes,1208,3738.52,70.81
62168,116-ZA-T30,FPQ-14942,SCMS-259075,ASN-32138,South Africa,PMO - US,Direct Drop,DDP,Truck,9/11/2014,5/11/2015,12-May-15,12-May-15,12-May-15,ARV,Adult,PHARMACY DIRECT,"Tenofovir Disoproxil Fumarate 300mg, tablets, 30 Tabs",Tenofovir Disoproxil Fumarate,Generic,300mg,Tablet,30,3,41.45,13.82,0.46,Mylan (formerly Matrix) Nashik,No,Weight Captured Separately,Freight Included in Commodity Cost,0.04
82875,104-CI-T30,FPQ-4378,SO-34370,DN-1759,Côte d'Ivoire,PMO - US,From RDC,N/A - From RDC,Air,10/15/2009,N/A - From RDC,6-Apr-10,1-Apr-10,1-Apr-10,ARV,Pediatric,SCMS from RDC,"Zidovudine 100mg, capsules, 100 Caps",Zidovudine,Generic,100mg,Capsule,100,2604,12603.36,4.84,0.05,"Aurobindo Unit III, India",Yes,675,1702.91,24.7
78767,102-BI-T30,FPQ-12580,SCMS-199591,ASN-22168,Burundi,PMO - US,Direct Drop,EXW,Air,7/9/2013,7/31/2013,20-Nov-13,20-Nov-13,22-Nov-13,HRDT,HIV test,"Orgenics, Ltd","HIV 1/2, Determine Complete HIV Kit, 100 Tests","HIV 1/2, Determine Complete HIV Kit",Determine,,Test kit,100,1268,101440.0,80.0,0.8,"Alere Medical Co., Ltd.",Yes,516,9802.95,125.48
51034,133-NG-T30,FPQ-12456,SCMS-196561,ASN-22345,Nigeria,PMO - US,Direct Drop,EXW,Air,6/10/2013,7/10/2013,7-Nov-13,7-Nov-13,17-Nov-13,HRDT,HIV test,"Orgenics, Ltd","HIV 1/2, Determine Complete HIV Kit, 100 Tests","HIV 1/2, Determine Complete HIV Kit",Determine,,Test kit,100,898,79922.0,89.0,0.89,"Alere Medical Co., Ltd.",Yes,364,6522.64,98.86
83034,113-ZW-T30,FPQ-8464,SO-40870,DN-2656,Zimbabwe,PMO - US,From RDC,N/A - From RDC,Truck,10/4/2011,N/A - From RDC,12-Jun-12,25-May-12,25-May-12,ARV,Adult,SCMS from RDC,"Lamivudine/Stavudine 150/30mg, tablets, 60 Tabs",Lamivudine/Stavudine,Generic,150/30mg,Tablet - FDC,60,7150,21092.5,2.95,0.05,"Strides, Bangalore, India.",No,See DN-2656 (ID#:83032),See DN-2656 (ID#:83032),34.8
77509,161-ZA-T30,FPQ-7400,SCMS-104230,ASN-11476,South Africa,PMO - US,Direct Drop,DDP,Ocean,3/11/2011,3/30/2011,23-Sep-11,23-Sep-11,23-Sep-11,ARV,Pediatric,GLAXOSMITHKLINE EXPORT LIMITED,"Abacavir 20mg/ml [Ziagen], oral solution, Bottle, 240 ml",Abacavir,Ziagen,20mg/ml,Oral solution,240,20000,185600.0,9.28,0.04,GSK Mississauga (Canada),Yes,7670,7175.68,306.24
31936,104-CI-T30,FPQ-6897,SCMS-101000,ASN-10407,Côte d'Ivoire,PMO - US,Direct Drop,FCA,Air,1/5/2011,3/24/2011,30-Jun-11,30-Jun-11,30-Jun-11,ARV,Adult,ABBVIE LOGISTICS (FORMERLY ABBOTT LOGISTICS BV),"Lopinavir/Ritonavir 200/50mg [Aluvia], tablets, 120 Tabs",Lopinavir/Ritonavir,Aluvia,200/50mg,Tablet,120,4809,162063.3,33.7,0.28,ABBVIE Ludwigshafen Germany,Yes,1196,17068.84,267.4
10783,111-MZ-T01,Pre-PQ Process,SO-32180,DN-1334,Mozambique,PMO - US,From RDC,N/A - From RDC,Air,Date Not Captured,N/A - From RDC,17-Aug-09,17-Aug-09,17-Aug-09,ARV,Adult,SCMS from RDC,"Stavudine 30mg, capsules, 60 Caps",Stavudine,Generic,30mg,Capsule,60,470,700.3,1.49,0.02,"Aurobindo Unit III, India",Yes,31,1047.04,1.37
6415,116-ZA-T01,Pre-PQ Process,SCMS-41582,ASN-4304,South Africa,PMO - US,Direct Drop,DDP,Air,Pre-PQ Process,3/27/2009,25-Jun-09,8-Apr-09,8-Apr-09,ARV,Pediatric,S. BUYS WHOLESALER,"Zidovudine 10mg/ml, oral solution, Bottle, 240 ml",Zidovudine,Generic,10mg/ml,Oral solution,240,1200,7248.0,6.04,0.03,"Aurobindo Unit III, India",No,Weight Captured Separately,Freight Included in Commodity Cost,14.21
47676,116-ZA-T30,FPQ-7176,SCMS-104390,ASN-11438,South Africa,PMO - US,Direct Drop,DDP,Ocean,3/10/2011,4/1/2011,14-Sep-11,14-Sep-11,14-Sep-11,ARV,Adult,Aurobindo Pharma Limited,"Lamivudine/Zidovudine 150/300mg, tablets, 60 Tabs",Lamivudine/Zidovudine,Generic,150/300mg,Tablet - FDC,60,164,1380.88,8.42,0.14,"Aurobindo Unit III, India",Yes,Weight Captured Separately,Freight Included in Commodity Cost,2.28
82979,105-GY-T30,FPQ-8023,SO-40440,DN-2348,Guyana,PMO - US,From RDC,N/A - From RDC,Air,8/19/2011,N/A - From RDC,18-Oct-11,3-Oct-11,3-Oct-11,ARV,Adult,SCMS from RDC,"Abacavir 300mg, tablets, 60 Tabs",Abacavir,Generic,300mg,Tablet,60,89,1302.07,14.63,0.24,Mylan (formerly Matrix) Nashik,No,See DN-2348 (ID#:82402),See DN-2348 (ID#:82402),2.15
84940,109-TZ-T30,FPQ-13042,SO-46721,DN-3758,Tanzania,PMO - US,From RDC,N/A - From RDC,Truck,10/1/2013,N/A - From RDC,30-Jun-14,24-Jun-14,1-Jul-14,ARV,Adult,SCMS from RDC,"Lopinavir/Ritonavir 200/50mg [Aluvia], tablets, 120 Tabs",Lopinavir/Ritonavir,Aluvia,200/50mg,Tablet,120,14758,278926.2,18.9,0.16,ABBVIE Ludwigshafen Germany,Yes,3030,2994.62,345.03
86410,113-ZW-T30,FPQ-7052,SO-38512,DN-2343,Zimbabwe,PMO - US,From RDC,N/A - From RDC,Truck,1/19/2011,N/A - From RDC,30-Sep-11,7-Oct-11,7-Oct-11,ARV,Adult,SCMS from RDC,"Lamivudine/Tenofovir Disoproxil Fumarate 300/300mg, tablets, 30 Tabs",Lamivudine/Tenofovir Disoproxil Fumarate,Generic,300/300mg,Tablet - FDC,30,10114,83238.22,8.23,0.27,Mylan (formerly Matrix) Nashik,No,See DN-2343 (ID#:82977),See DN-2343 (ID#:82977),137.34
84191,104-CI-T30,FPQ-9749,SO-42380,DN-2861,Côte d'Ivoire,PMO - US,From RDC,N/A - From RDC,Truck,4/19/2012,N/A - From RDC,29-Oct-12,1-Oct-12,1-Oct-12,ARV,Adult,SCMS from RDC,"Efavirenz 600mg, tablets, 30 Tabs",Efavirenz,Generic,600mg,Tablet,30,4292,16352.52,3.81,0.13,"Strides, Bangalore, India.",No,See DN-2861 (ID#:82513),See DN-2861 (ID#:82513),22.93
10632,110-ZM-T01,Pre-PQ Process,SO-1122,DN-417,Zambia,PMO - US,From RDC,N/A - From RDC,Air,Pre-PQ Process,N/A - From RDC,2-Nov-07,2-Nov-07,2-Nov-07,ARV,Adult,SCMS from RDC,"Lamivudine/Zidovudine 150/300mg, tablets, 60 Tabs",Lamivudine/Zidovudine,Generic,150/300mg,Tablet - FDC,60,40245,382327.5,9.5,0.16,"Cipla, Goa, India",Yes,3254,13267.3,611.72
83686,151-NG-T30,FPQ-11022,SO-44262,DN-3172,Nigeria,PMO - US,From RDC,N/A - From RDC,Air Charter,11/15/2012,N/A - From RDC,28-May-13,10-May-13,10-May-13,ARV,Adult,SCMS from RDC,"Efavirenz/Lamivudine/Tenofovir Disoproxil Fumarate 600/300/300mg, tablets, 30 Tabs",Efavirenz/Lamivudine/Tenofovir Disoproxil Fumarate,Generic,600/300/300mg,Tablet - FDC,30,120000,1262400.0,10.52,0.35,Hetero Unit III Hyderabad IN,Yes,17470,20666.07,1561.59
44908,111-MZ-T30,FPQ-3588,SCMS-45670,ASN-5525,Mozambique,PMO - US,Direct Drop,CIP,Air,3/25/2009,5/13/2009,4-Dec-09,4-Dec-09,4-Dec-09,ARV,Adult,GLAXOSMITHKLINE EXPORT LIMITED,"Abacavir/Lamivudine/Zidovudine 300/150/300mg [Trizivir], tablets, 60 Tabs",Abacavir/Lamivudine/Zidovudine,Trizivir,300/150/300mg,Tablet - FDC,60,1020,54784.2,53.71,0.9,GSK Ware (UK),No,Weight Captured Separately,Freight Included in Commodity Cost,107.38
85100,151-NG-T30,FPQ-4537,SO-35056,DN-1738,Nigeria,PMO - US,From RDC,N/A - From RDC,Air Charter,11/6/2009,N/A - From RDC,19-Apr-10,31-Mar-10,31-Mar-10,ARV,Adult,SCMS from RDC,"Lamivudine/Zidovudine 150/300mg, tablets, 60 Tabs",Lamivudine/Zidovudine,Generic,150/300mg,Tablet - FDC,60,3200,28032.0,8.76,0.15,Mylan (formerly Matrix) Nashik,Yes,255,Freight Included in Commodity Cost,60.44
12429,110-ZM-T01,Pre-PQ Process,SO-1653,DN-608,Zambia,PMO - US,From RDC,N/A - From RDC,Air,Pre-PQ Process,N/A - From RDC,10-Apr-08,10-Apr-08,10-Apr-08,ARV,Adult,SCMS from RDC,"Efavirenz 600mg, tablets, 30 Tabs",Efavirenz,Generic,600mg,Tablet,30,25338,314697.96,12.42,0.41,Mylan (formerly Matrix) Nashik,Yes,1974,7836.6,503.52
1587,116-ZA-T01,Pre-PQ Process,SCMS-16600,ASN-1520,South Africa,PMO - US,Direct Drop,DDP,,Pre-PQ Process,1/4/2008,21-Jan-08,4-Jan-08,4-Jan-08,ARV,Adult,"JSI R&T INSTITUTE, INC.","Stavudine 20mg [Zerit], capsules, 60 Caps",Stavudine,Zerit,20mg,Capsule,60,100,573.0,5.73,0.1,"BMS Meymac, France",No,Weight Captured Separately,Freight Included in Commodity Cost,0.92
84677,110-ZM-T30,FPQ-7085,SO-38730,DN-2385,Zambia,PMO - US,From RDC,N/A - From RDC,Truck,2/3/2011,N/A - From RDC,31-Oct-11,4-Nov-11,4-Nov-11,ARV,Adult,SCMS from RDC,"Efavirenz 600mg, tablets, 30 Tabs",Efavirenz,Generic,600mg,Tablet,30,72974,315247.68,4.32,0.14,"Strides, Bangalore, India.",Yes,4471,10370.59,520.16
10345,116-ZA-T01,Pre-PQ Process,SCMS-40870,ASN-3582,South Africa,PMO - US,Direct Drop,DDP,Air,Pre-PQ Process,Date Not Captured,30-Jun-09,30-Jan-09,30-Jan-09,ARV,Adult,S. BUYS WHOLESALER,"Zidovudine 300mg, tablets, 60 Tabs",Zidovudine,Generic,300mg,Tablet,60,5550,68098.5,12.27,0.2,"Aurobindo Unit III, India",No,Weight Captured Separately,Freight Included in Commodity Cost,133.47
83308,107-RW-T30,FPQ-14811,SO-49970,DN-4125,Rwanda,PMO - US,From RDC,N/A - From RDC,Truck,10/15/2014,N/A - From RDC,27-Feb-15,25-Feb-15,5-Mar-15,ARV,Pediatric,SCMS from RDC,"Efavirenz 200mg, scored tablets, 90 Tabs",Efavirenz,Generic,200mg,Tablet,90,2021,18795.3,9.3,0.1,"Strides, Bangalore, India.",Yes,132,1142,19.32
69701,108-VN-T30,FPQ-13524,SCMS-226220,ASN-26923,Vietnam,PMO - US,Direct Drop,EXW,Air,2/6/2014,3/10/2014,29-Jul-14,29-Jul-14,6-Aug-14,ARV,Adult,HETERO LABS LIMITED,"Zidovudine 300mg, tablets, 60 Tabs",Zidovudine,Generic,300mg,Tablet,60,300,1650.0,5.5,0.09,Hetero Unit III Hyderabad IN,No,See ASN-26923 (ID#:13027),See ASN-26923 (ID#:13027),1.7
9658,116-ZA-T01,Pre-PQ Process,SCMS-19800,ASN-1665,South Africa,PMO - US,Direct Drop,DDP,Truck,Pre-PQ Process,2/20/2008,24-Apr-08,24-Apr-08,24-Apr-08,ARV,Pediatric,S. BUYS WHOLESALER,"Efavirenz 50mg [Stocrin/Sustiva], capsule, 30 Caps",Efavirenz,Stocrin/Sustiva,50mg,Capsule,30,200,596.0,2.98,0.1,"MSD Midrand, J'burg, SA",No,Weight Captured Separately,Freight Included in Commodity Cost,0.95
85757,151-NG-T30,FPQ-6800,SO-39200,DN-2170,Nigeria,PMO - US,From RDC,N/A - From RDC,Air Charter,12/7/2010,N/A - From RDC,21-Jun-11,11-May-11,11-May-11,ARV,Adult,SCMS from RDC,"Lamivudine/Zidovudine 150/300mg, tablets, 60 Tabs",Lamivudine/Zidovudine,Generic,150/300mg,Tablet - FDC,60,137900,1139054.0,8.26,0.14,"Aurobindo Unit III, India",Yes,12766,12601.07,1879.44
36298,108-VN-T30,FPQ-4720,SCMS-62410,ASN-6076,Vietnam,PMO - US,Direct Drop,FCA,Air,1/4/2009,1/11/2010,22-Mar-10,22-Mar-10,22-Mar-10,ARV,Adult,ABBVIE LOGISTICS (FORMERLY ABBOTT LOGISTICS BV),"Ritonavir 100mg [Norvir], capsules, cool, 4 x 84 Caps",Ritonavir,Norvir,100mg,Capsule,336,60,4603.2,76.72,0.23,ABBVIE (Abbott) Logis. UK,Yes,170,4256.38,9.92
11832,100-ZW-T01,Pre-PQ Process,SO-710,DN-488,Zimbabwe,PMO - US,From RDC,N/A - From RDC,Air,Pre-PQ Process,N/A - From RDC,14-Jan-08,14-Jan-08,14-Jan-08,ARV,Adult,SCMS from RDC,"Lamivudine/Nevirapine/Stavudine 150/200/30mg, tablets, 60 Tabs",Lamivudine/Nevirapine/Stavudine,Generic,150/200/30mg,Tablet - FDC,60,34732,257016.8,7.4,0.12,"Cipla, Goa, India",No,See DN-488 (ID#:10652),See DN-488 (ID#:10652),411.23
6517,108-VN-T01,Pre-PQ Process,SCMS-45080,ASN-4420,Vietnam,PMO - US,Direct Drop,EXW,Air,Pre-PQ Process,4/29/2009,10-Jul-09,10-Jul-09,10-Jul-09,ARV,Adult,Aurobindo Pharma Limited,"Stavudine 30mg, capsules, 60 Caps",Stavudine,Generic,30mg,Capsule,60,6048,8769.6,1.45,0.02,"Aurobindo Unit III, India",No,See ASN-4420 (ID#:1183),See ASN-4420 (ID#:1183),17.19
57928,110-ZM-T30,FPQ-4691,SCMS-60710,ASN-6291,Zambia,PMO - US,Direct Drop,EXW,Air,12/16/2009,12/22/2009,18-Mar-10,18-Mar-10,18-Mar-10,HRDT,HIV test,"Orgenics, Ltd","HIV 1/2, Determine Complete HIV Kit, 100 Tests","HIV 1/2, Determine Complete HIV Kit",Determine,,Test kit,100,2100,151200.0,72.0,0.72,Inverness Japan,Yes,1016,16061.5,325.99
83534,113-ZW-T30,FPQ-7934,SO-40281,DN-2367,Zimbabwe,PMO - US,From RDC,N/A - From RDC,Truck,6/28/2011,N/A - From RDC,25-Oct-11,21-Oct-11,21-Oct-11,ARV,Adult,SCMS from RDC,"Lamivudine/Tenofovir Disoproxil Fumarate 300/300mg, tablets, 30 Tabs",Lamivudine/Tenofovir Disoproxil Fumarate,Generic,300/300mg,Tablet - FDC,30,42444,366291.72,8.63,0.29,Mylan (formerly Matrix) Nashik,Yes,1423,6623.46,604.38
10954,106-HT-T01,Pre-PQ Process,SO-2056,DN-743,Haiti,PMO - US,From RDC,N/A - From RDC,Air,Pre-PQ Process,N/A - From RDC,27-May-08,27-May-08,27-May-08,ARV,Adult,SCMS from RDC,"Lamivudine 150mg, tablets, 60 Tabs",Lamivudine,Generic,150mg,Tablet,60,7380,21475.8,2.91,0.05,"Aurobindo Unit III, India",No,See DN-743 (ID#:10683),See DN-743 (ID#:10683),34.36
85103,114-UG-T30,FPQ-5239,SO-36110,DN-1772,Uganda,PMO - US,From RDC,N/A - From RDC,Air,3/2/2010,N/A - From RDC,2-Jun-10,22-Apr-10,22-Apr-10,ARV,Adult,SCMS from RDC,"Lamivudine/Zidovudine 150/300mg, tablets, 60 Tabs",Lamivudine/Zidovudine,Generic,150/300mg,Tablet - FDC,60,1600,14016.0,8.76,0.15,Hetero Unit III Hyderabad IN,Yes,13,1758.6,30.22
84821,110-ZM-T30,FPQ-10728,SO-43460,DN-3186,Zambia,PMO - US,From RDC,N/A - From RDC,Truck,10/5/2012,N/A - From RDC,28-Jun-13,7-Jun-13,7-Jun-13,ARV,Adult,SCMS from RDC,"Lamivudine/Zidovudine 150/300mg, tablets, 60 Tabs",Lamivudine/Zidovudine,Generic,150/300mg,Tablet - FDC,60,87384,611688.0,7.0,0.12,"Aurobindo Unit III, India",No,See DN-3186 (ID#:83688),See DN-3186 (ID#:83688),857.59
41162,133-NG-T30,FPQ-7553,SCMS-108710,ASN-11147,Nigeria,PMO - US,Direct Drop,EXW,Air,4/28/2011,5/18/2011,28-Jun-11,28-Jun-11,28-Jun-11,HRDT,HIV test,"CHEMBIO DIAGNOSTIC SYSTEMS, INC.","HIV 1/2, Stat-Pak HIV, Kit, 20 Tests","HIV 1/2, Stat-Pak HIV, Kit",Stat-Pak,,Test kit,20,1286,37294.0,29.0,1.45,Chembio Diagnostics Sys. Inc.,Yes,482,2386.35,61.54
1512,116-ZA-T01,Pre-PQ Process,SCMS-14050,ASN-1251,South Africa,PMO - US,Direct Drop,DDP,,Pre-PQ Process,11/12/2007,29-Jan-08,29-Jan-08,29-Jan-08,ARV,Pediatric,"JSI R&T INSTITUTE, INC.","Lopinavir/Ritonavir 80/20mg/ml [Kaletra], oral solution, cool, Bottle 5 x 60 ml",Lopinavir/Ritonavir,Kaletra,80/20mg/ml,Oral solution,300,30,1447.8,48.26,0.16,ABBVIE (Abbott) Logis. UK,No,Weight Captured Separately,Freight Included in Commodity Cost,2.32
2662,112-NG-T01,Pre-PQ Process,SCMS-87,ASN-57,Nigeria,PMO - US,Direct Drop,EXW,Air,Pre-PQ Process,Date Not Captured,28-Sep-06,28-Sep-06,28-Sep-06,ARV,Adult,Aurobindo Pharma Limited,"Lamivudine 150mg, tablets, 60 Tabs",Lamivudine,Generic,150mg,Tablet,60,486,2041.2,4.2,0.07,"Aurobindo Unit III, India",No,See ASN-57 (ID#:23),See ASN-57 (ID#:23),
82923,151-NG-T30,FPQ-5688,SO-36921,DN-2042,Nigeria,PMO - US,From RDC,N/A - From RDC,Air Charter,5/27/2010,N/A - From RDC,18-Nov-10,10-Nov-10,10-Nov-10,ARV,Adult,SCMS from RDC,"Efavirenz/Emtricitabine/Tenofovir Disoproxil Fumarate 600/200/300mg, tablets, 30 Tabs",Efavirenz/Emtricitabine/Tenofovir Disoproxil Fumarate,Generic,600/200/300mg,Tablet - FDC,30,20000,398400.0,19.92,0.66,Mylan (formerly Matrix) Nashik,Yes,2181,20264.93,858.95
82617,107-RW-T30,FPQ-12190,SO-45390,DN-3421,Rwanda,PMO - US,From RDC,N/A - From RDC,Truck,5/6/2013,N/A - From RDC,31-Jan-14,23-Dec-13,17-Jan-14,ARV,Adult,SCMS from RDC,"Nevirapine 200mg, tablets, 60 Tabs",Nevirapine,Generic,200mg,Tablet,60,79999,180797.74,2.26,0.04,Hetero Unit III Hyderabad IN,Yes,9404,14088.22,223.65
62555,104-CI-T30,FPQ-8804,SCMS-133730,ASN-14016,Côte d'Ivoire,PMO - US,Direct Drop,EXW,Ocean,11/28/2011,1/13/2012,5-Jul-12,5-Jul-12,5-Jul-12,ARV,Adult,Aurobindo Pharma Limited,"Lopinavir/Ritonavir 200/50mg, tablets, 120 Tabs",Lopinavir/Ritonavir,Generic,200/50mg,Tablet,120,22600,678000.0,30.0,0.25,"Aurobindo Unit III, India",Yes,5734,24624,950.56
85732,151-NG-T30,FPQ-6243,SO-38320,DN-2090,Nigeria,PMO - US,From RDC,N/A - From RDC,Air Charter,8/25/2010,N/A - From RDC,22-Feb-11,16-Feb-11,16-Feb-11,ARV,Adult,SCMS from RDC,"Lamivudine/Nevirapine/Zidovudine 150/200/300mg, tablets, 60 Tabs",Lamivudine/Nevirapine/Zidovudine,Generic,150/300/200mg,Tablet - FDC,60,100000,1122000.0,11.22,0.19,Mylan (formerly Matrix) Nashik,No,See DN-2090 (ID#:82366),See DN-2090 (ID#:82366),2419.03
62853,116-ZA-T30,FPQ-13035,SCMS-215370,ASN-24415,South Africa,PMO - US,Direct Drop,DDP,Truck,10/8/2013,12/2/2013,6-Feb-14,6-Feb-14,6-Feb-14,ARV,Adult,S. BUYS WHOLESALER,"Didanosine 250mg, delayed-release capsules, 30 Caps",Didanosine,Generic,250mg,Delayed-release capsules,30,17,242.61,14.27,0.48,"Aurobindo Unit III, India",No,Weight Captured Separately,Freight Included in Commodity Cost,0.3
26571,144-BW-T30,FPQ-4167,SCMS-54170,ASN-5725,Botswana,PMO - US,Direct Drop,EXW,Air,9/9/2009,9/30/2009,5-Feb-10,5-Feb-10,5-Feb-10,HRDT,HIV test - Ancillary,Orasure Technologies Inc.,"#109435**HIV, OraQuick Controls Kit, 3 Vials","HIV, OraQuick Controls Kit, 3 Vials",OraQuick,,Test kit - Ancillary,3,10,250.0,25.0,8.33,"Orasure Technologies, Inc USA",Yes,6,322.12,0.49
82298,104-CI-T30,FPQ-4378,SO-34450,DN-1680,Côte d'Ivoire,PMO - US,From RDC,N/A - From RDC,Air,10/15/2009,N/A - From RDC,22-Mar-10,11-Mar-10,11-Mar-10,ARV,Pediatric,SCMS from RDC,"Didanosine 200mg, chewable/dispersible tablets, 60 Tabs",Didanosine,Generic,200mg,Chewable/dispersible tablet,60,1907,29558.5,15.5,0.26,"Aurobindo Unit III, India",Yes,395,1042.58,57.93
71956,106-HT-T30,FPQ-15038,SCMS-262980,ASN-30463,Haiti,PMO - US,Direct Drop,EXW,Ocean,10/22/2014,1/7/2015,9-Apr-15,9-Apr-15,13-Apr-15,ARV,Adult,HETERO LABS LIMITED,"Lamivudine/Nevirapine/Zidovudine 150/200/300mg, tablets, 60 Tabs",Lamivudine/Nevirapine/Zidovudine,Generic,150/300/200mg,Tablet - FDC,60,36000,298440.0,8.29,0.14,Hetero Unit III Hyderabad IN,No,See ASN-30463 (ID#:15460),See ASN-30463 (ID#:15460),306.8
70211,116-ZA-T30,FPQ-13973,SCMS-238553,ASN-28021,South Africa,PMO - US,Direct Drop,DDP,Truck,4/30/2014,8/28/2014,28-Aug-14,28-Aug-14,28-Aug-14,ARV,Pediatric,PHARMACY DIRECT,"Lamivudine 10mg/ml, oral solution, Bottle, 240 ml",Lamivudine,Generic,10mg/ml,Oral solution,240,20,143.05,7.15,0.03,"Aurobindo Unit III, India",No,Weight Captured Separately,Freight Included in Commodity Cost,0.15
68949,113-ZW-T30,FPQ-13939,SCMS-234760,ASN-25890,Zimbabwe,PMO - US,Direct Drop,EXW,Air Charter,4/1/2014,4/11/2014,14-Jun-14,14-Jun-14,16-Jun-14,ARV,Adult,STRIDES ARCOLAB LIMITED,"Nevirapine 200mg, tablets, 60 Tabs",Nevirapine,Generic,200mg,Tablet,60,158000,347600.0,2.2,0.04,"Strides, Bangalore, India.",Yes,9832,68350.52,357.33
86041,104-CI-T30,FPQ-12800,SO-46421,DN-3530,Côte d'Ivoire,PMO - US,From RDC,N/A - From RDC,Air,8/9/2013,N/A - From RDC,31-Jan-14,13-Feb-14,4-Mar-14,ARV,Pediatric,SCMS from RDC,"Zidovudine 10mg/ml, oral solution w/syringe, Bottle, 240 ml",Zidovudine,Generic,10mg/ml,Oral solution,240,5700,11970.0,2.1,0.01,"Aurobindo Unit III, India",Yes,2845,10943.15,14.81
7751,116-ZA-T01,Pre-PQ Process,SCMS-41580,ASN-4603,South Africa,PMO - US,Direct Drop,DDP,Truck,Pre-PQ Process,3/27/2009,25-Jun-09,5-Jun-09,5-Jun-09,ARV,Adult,S. BUYS WHOLESALER,"Stavudine 30mg, capsules, 60 Caps",Stavudine,Generic,30mg,Capsule,60,4553,13659.0,3.0,0.05,"Aurobindo Unit III, India",No,Weight Captured Separately,Freight Included in Commodity Cost,26.77
37753,108-VN-T30,FPQ-11417,SCMS-174410,ASN-18761,Vietnam,PMO - US,Direct Drop,EXW,Air,1/10/2013,1/22/2013,5-Jun-13,5-Jun-13,5-Jun-13,ARV,Adult,HETERO LABS LIMITED,"Nevirapine 200mg, tablets, 60 Tabs",Nevirapine,Generic,200mg,Tablet,60,23003,50836.63,2.21,0.04,Hetero Unit III Hyderabad IN,Yes,1483,11346.48,62.88
27881,109-TZ-T30,FPQ-6795,SCMS-103291,ASN-11005,Tanzania,PMO - US,Direct Drop,FCA,Air,1/27/2011,4/14/2011,14-Jul-11,14-Jul-11,14-Jul-11,ARV,Adult,LAWRENCE LABORATORIES (SUBSIDIARY OF BRISTOL MYERS SQUIBB),"Didanosine EC 250mg [Videx EC], delayed-release capsules, Blister 3 x 10 Caps",Didanosine EC,Videx EC,250mg,Delayed-release capsules - blister,30,6357,116587.38,18.34,0.61,Bristol-Myers Squibb Anagni IT,Yes,1272,10816.49,192.37
30724,116-ZA-T30,FPQ-12522,SCMS-199289,ASN-28037,South Africa,PMO - US,Direct Drop,DDP,Truck,7/11/2013,8/29/2014,29-Aug-14,29-Aug-14,29-Aug-14,ARV,Adult,S. BUYS WHOLESALER,"Lamivudine 150mg, tablets, 60 Tabs",Lamivudine,Generic,150mg,Tablet,60,564,5502.98,9.76,0.16,Hetero Unit III Hyderabad IN,No,Weight Captured Separately,Freight Included in Commodity Cost,6.81
12034,100-CI-T01,Pre-PQ Process,SO-390,DN-51,Côte d'Ivoire,PMO - US,From RDC,N/A - From RDC,,Pre-PQ Process,N/A - From RDC,4-May-07,4-May-07,4-May-07,ARV,Adult,SCMS from RDC,"Efavirenz 600mg, tablets, 30 Tabs",Efavirenz,Generic,600mg,Tablet,30,10000,162500.0,16.25,0.54,"Aurobindo Unit III, India",Yes,898,3002,
84772,151-NG-T30,FPQ-9968,SO-43435,DN-2946,Nigeria,PMO - US,From RDC,N/A - From RDC,Air,5/23/2012,N/A - From RDC,4-Dec-12,4-Dec-12,4-Dec-12,ARV,Adult,SCMS from RDC,"Nevirapine 200mg, tablets, 60 Tabs",Nevirapine,Generic,200mg,Tablet,60,35011,84726.62,2.42,0.04,Hetero Unit III Hyderabad IN,No,See DN-2946 (ID#:82531),See DN-2946 (ID#:82531),118.79
86313,151-NG-T30,FPQ-5023,SO-36440,DN-1898,Nigeria,PMO - US,From RDC,N/A - From RDC,Air,2/10/2010,N/A - From RDC,15-Jul-10,28-Jun-10,28-Jun-10,ARV,Adult,SCMS from RDC,"Efavirenz 600mg, tablets, 30 Tabs",Efavirenz,Generic,600mg,Tablet,30,5705,26243.0,4.6,0.15,"Aurobindo Unit III, India",No,Weight Captured Separately,Freight Included in Commodity Cost,56.58
19359,103-ZW-T30,FPQ-14477,SCMS-248220,ASN-27913,Zimbabwe,PMO - US,Direct Drop,EXW,Air,7/1/2014,8/4/2014,18-Sep-14,18-Sep-14,19-Sep-14,ARV,Pediatric,ABBVIE LOGISTICS (FORMERLY ABBOTT LOGISTICS BV),"Lopinavir/Ritonavir 80/20mg/ml [Kaletra], oral solution, cool, Bottle 5 x 60 ml",Lopinavir/Ritonavir,Kaletra,80/20mg/ml,Oral solution,300,2025,62410.5,30.82,0.1,ABBVIE (Abbott) Logis. UK,Yes,1902,16777.24,64.16
86511,900-UG-T30,FPQ-10048,SO-42610,DN-2829,Uganda,PMO - US,From RDC,N/A - From RDC,Air,6/6/2012,N/A - From RDC,29-Oct-12,29-Oct-12,29-Oct-12,ARV,Adult,SCMS from RDC,"Lamivudine/Tenofovir Disoproxil Fumarate 300/300mg, tablets, 30 Tabs",Lamivudine/Tenofovir Disoproxil Fumarate,Generic,300/300mg,Tablet - FDC,30,24799,137386.46,5.54,0.18,Mylan (formerly Matrix) Nashik,No,See DN-2829 (ID#:82504),See DN-2829 (ID#:82504),192.62
10386,102-GY-T01,Pre-PQ Process,SCMS-42310,ASN-3896,Guyana,PMO - US,Direct Drop,EXW,Air,Pre-PQ Process,3/30/2009,18-May-09,18-May-09,18-May-09,HRDT,HIV test,"Trinity Biotech, Plc","HIV 1/2, Uni-Gold HIV Kit, 20 Tests","HIV 1/2, Uni-Gold HIV Kit",Uni-Gold,,Test kit,20,2026,64832.0,32.0,1.6,"Trinity Biotech, Plc",Yes,675,8727.54,127.07
38293,116-ZA-T30,FPQ-13035,SCMS-215370,ASN-24415,South Africa,PMO - US,Direct Drop,DDP,Truck,10/8/2013,12/2/2013,6-Feb-14,6-Feb-14,6-Feb-14,ARV,Pediatric,S. BUYS WHOLESALER,"Lamivudine 10mg/ml, oral solution w/syringe, Bottle, 240 ml",Lamivudine,Generic,10mg/ml,Oral solution,240,78,522.23,6.7,0.03,"Aurobindo Unit III, India",No,Weight Captured Separately,Freight Included in Commodity Cost,0.65
11322,110-ZM-T01,Pre-PQ Process,SO-30920,DN-1241,Zambia,PMO - US,From RDC,N/A - From RDC,Truck,Pre-PQ Process,N/A - From RDC,10-Jun-09,10-Jun-09,10-Jun-09,ARV,Adult,SCMS from RDC,"Efavirenz 600mg, tablets, 30 Tabs",Efavirenz,Generic,600mg,Tablet,30,107180,857440.0,8.0,0.27,Mylan (formerly Matrix) Nashik,Yes,7995,Freight Included in Commodity Cost,1680.58
11755,111-MZ-T01,Pre-PQ Process,SO-298,DN-304,Mozambique,PMO - US,From RDC,N/A - From RDC,Air,Pre-PQ Process,N/A - From RDC,21-Sep-07,21-Sep-07,21-Sep-07,ARV,Adult,SCMS from RDC,"Lamivudine/Nevirapine/Zidovudine 150/200/300mg, tablets, 60 Tabs",Lamivudine/Nevirapine/Zidovudine,Generic,150/300/200mg,Tablet - FDC,60,9838,172165.0,17.5,0.29,"Aurobindo Unit III, India",No,See DN-304 (ID#:10589),See DN-304 (ID#:10589),275.46
11135,111-MZ-T01,Pre-PQ Process,SO-580,DN-208,Mozambique,PMO - US,From RDC,N/A - From RDC,Air,Pre-PQ Process,N/A - From RDC,12-Jul-07,12-Jul-07,12-Jul-07,ARV,Pediatric,SCMS from RDC,"Abacavir 20mg/ml, oral solution, Bottle, 240 ml",Abacavir,Generic,20mg/ml,Oral solution,240,397,8356.85,21.05,0.09,"Aurobindo Unit III, India",Yes,141,411.07,13.37
86562,111-MZ-T30,FPQ-11882,SO-44830,DN-3110,Mozambique,PMO - US,From RDC,N/A - From RDC,Truck,3/19/2013,N/A - From RDC,6-Jun-13,20-Jun-13,20-Jun-13,ARV,Adult,SCMS from RDC,"Zidovudine 300mg, tablets, 60 Tabs",Zidovudine,Generic,300mg,Tablet,60,184,1203.36,6.54,0.11,"Cipla, Goa, India",No,See DN-3110 (ID#:84809),See DN-3110 (ID#:84809),1.49
85444,104-CI-T30,FPQ-10633,SO-43341,DN-3569,Côte d'Ivoire,PMO - US,From RDC,N/A - From RDC,Truck,9/11/2012,N/A - From RDC,31-Mar-14,26-Mar-14,28-Apr-14,ARV,Adult,SCMS from RDC,"Efavirenz 600mg, tablets, 30 Tabs",Efavirenz,Generic,600mg,Tablet,30,72300,240759.0,3.33,0.11,"Strides, Bangalore, India.",Yes,4392,18607.76,337.54
12628,110-ZM-T01,Pre-PQ Process,SO-203,DN-39,Zambia,PMO - US,From RDC,N/A - From RDC,,Pre-PQ Process,N/A - From RDC,28-Mar-07,28-Mar-07,28-Mar-07,ARV,Adult,SCMS from RDC,"Efavirenz 600mg, tablets, 30 Tabs",Efavirenz,Generic,600mg,Tablet,30,16033,260536.25,16.25,0.54,"Aurobindo Unit III, India",Yes,536,3807.29,
86551,151-NG-T30,FPQ-10477,SO-43047,DN-3027,Nigeria,PMO - US,From RDC,N/A - From RDC,Air Charter,8/9/2012,N/A - From RDC,15-Mar-13,25-Feb-13,25-Feb-13,ARV,Adult,SCMS from RDC,"Emtricitabine/Tenofovir Disoproxil Fumarate 200/300mg, tablets, 30 Tabs",Emtricitabine/Tenofovir Disoproxil Fumarate,Generic,200/300mg,Tablet - FDC,30,66700,404869.0,6.07,0.2,"Aurobindo Unit III, India",Yes,12046,37242.5,567.63
68437,111-MZ-T30,FPQ-6562,SCMS-93750,ASN-9835,Mozambique,PMO - US,Direct Drop,EXW,Air,11/16/2010,1/12/2011,7-Apr-11,7-Apr-11,7-Apr-11,HRDT,HIV test,"Trinity Biotech, Plc","HIV 1/2, Uni-Gold HIV Kit, 20 Tests","HIV 1/2, Uni-Gold HIV Kit",Uni-Gold,,Test kit,20,108,3456.0,32.0,1.6,"Trinity Biotech, Plc",Yes,41,897.87,5.7
85889,107-RW-T30,FPQ-10119,SO-42740,DN-2796,Rwanda,PMO - US,From RDC,N/A - From RDC,Air,6/18/2012,N/A - From RDC,30-Nov-12,14-Sep-12,14-Sep-12,ARV,Adult,SCMS from RDC,"Efavirenz 600mg, tablets, 30 Tabs",Efavirenz,Generic,600mg,Tablet,30,51240,200348.4,3.91,0.13,"Aurobindo Unit III, India",Yes,4331,8684.7,280.89
86239,154-NG-T30,FPQ-3815,SO-32260,DN-1452,Nigeria,PMO - US,From RDC,N/A - From RDC,Air Charter,5/26/2009,N/A - From RDC,30-Oct-09,20-Oct-09,20-Oct-09,ARV,Adult,SCMS from RDC,"Stavudine 30mg, capsules, 60 Caps",Stavudine,Generic,30mg,Capsule,60,63,91.98,1.46,0.02,"Aurobindo Unit III, India",No,See DN-1452 (ID#:82272),See DN-1452 (ID#:82272),0.18
60489,117-ET-T30,FPQ-12272,SCMS-190780,ASN-20285,Ethiopia,PMO - US,Direct Drop,EXW,Air,5/9/2013,5/21/2013,10-Jul-13,10-Jul-13,10-Jul-13,HRDT,HIV test,"CHEMBIO DIAGNOSTIC SYSTEMS, INC.","HIV 1/2, Stat-Pak HIV, Kit, 20 Tests","HIV 1/2, Stat-Pak HIV, Kit",Stat-Pak,,Test kit,20,832,24128.0,29.0,1.45,Chembio Diagnostics Sys. Inc.,Yes,238,1945.45,29.85
86490,110-ZM-T30,FPQ-9472,SO-41702,DN-2749,Zambia,PMO - US,From RDC,N/A - From RDC,Truck,3/8/2012,N/A - From RDC,23-Aug-12,30-Jul-12,30-Jul-12,ARV,Adult,SCMS from RDC,"Emtricitabine/Tenofovir Disoproxil Fumarate 200/300mg, tablets, 30 Tabs",Emtricitabine/Tenofovir Disoproxil Fumarate,Generic,200/300mg,Tablet - FDC,30,125000,888750.0,7.11,0.24,"Aurobindo Unit III, India",No,See DN-2749 (ID#:84182),See DN-2749 (ID#:84182),1246.03
84537,151-NG-T30,FPQ-4537,SO-35072,DN-1688,Nigeria,PMO - US,From RDC,N/A - From RDC,Air Charter,11/6/2009,N/A - From RDC,19-Apr-10,31-Mar-10,31-Mar-10,ARV,Adult,SCMS from RDC,"Emtricitabine/Tenofovir Disoproxil Fumarate 200/300mg, tablets, 30 Tabs",Emtricitabine/Tenofovir Disoproxil Fumarate,Generic,200/300mg,Tablet - FDC,30,578,6791.5,11.75,0.39,Mylan (formerly Matrix) Nashik,Yes,47,Freight Included in Commodity Cost,14.64
44630,108-VN-T30,FPQ-11560,SCMS-177630,ASN-20043,Vietnam,PMO - US,Direct Drop,EXW,Air,2/7/2013,2/13/2013,13-Jul-13,13-Jul-13,13-Jul-13,ARV,Adult,MYLAN LABORATORIES LTD (FORMERLY MATRIX LABORATORIES),"Efavirenz/Lamivudine/Tenofovir Disoproxil Fumarate 600/300/300mg, tablets, 30 Tabs",Efavirenz/Lamivudine/Tenofovir Disoproxil Fumarate,Generic,600/300/300mg,Tablet - FDC,30,30339,348595.11,11.49,0.38,Mylan (formerly Matrix) Nashik,Yes,3419,15006.27,431.21
11090,111-MZ-T01,Pre-PQ Process,SO-324,DN-17,Mozambique,PMO - US,From RDC,N/A - From RDC,Air,Pre-PQ Process,N/A - From RDC,9-Jan-07,9-Jan-07,9-Jan-07,ARV,Adult,SCMS from RDC,"Lamivudine/Zidovudine 150/300mg, tablets, 60 Tabs",Lamivudine/Zidovudine,Generic,150/300mg,Tablet - FDC,60,6156,68577.84,11.14,0.19,"Aurobindo Unit III, India",No,See DN-17 (ID#:10541),See DN-17 (ID#:10541),
14043,108-VN-T30,FPQ-5019,SCMS-64580,ASN-6269,Vietnam,PMO - US,Direct Drop,EXW,Air,2/2/2010,2/3/2010,30-Mar-10,30-Mar-10,30-Mar-10,ARV,Adult,Aurobindo Pharma Limited,"Tenofovir Disoproxil Fumarate 300mg, tablets, 30 Tabs",Tenofovir Disoproxil Fumarate,Generic,300mg,Tablet,30,3528,27342.0,7.75,0.26,"Aurobindo Unit III, India",Yes,395,3538.57,58.95
86028,103-ZW-T30,FPQ-12086,SO-45122,DN-3468,Zimbabwe,PMO - US,From RDC,N/A - From RDC,Truck,4/19/2013,N/A - From RDC,31-Jan-14,13-Jan-14,29-Jan-14,ARV,Pediatric,SCMS from RDC,"Abacavir 20mg/ml, oral solution w/syringe, Bottle, 240 ml",Abacavir,Generic,20mg/ml,Oral solution,240,241,2050.91,8.51,0.04,"Aurobindo Unit III, India",Yes,64,7300,2.54
12476,106-HT-T01,Pre-PQ Process,SO-2071,DN-693,Haiti,PMO - US,From RDC,N/A - From RDC,Air,Pre-PQ Process,N/A - From RDC,11-Apr-08,11-Apr-08,11-Apr-08,ARV,Pediatric,SCMS from RDC,"Efavirenz 30mg/ml [Stocrin/Sustiva], oral solution, Bottle, 180 ml",Efavirenz,Stocrin/Sustiva,30mg/ml,Oral solution,180,31,525.76,16.96,0.09,"MSD, Haarlem, NL",No,See DN-693 (ID#:12475),See DN-693 (ID#:12475),0.84
9585,111-MZ-T01,Pre-PQ Process,SCMS-17260,ASN-2532,Mozambique,PMO - US,Direct Drop,EXW,Air,Pre-PQ Process,2/6/2008,17-Oct-08,17-Oct-08,17-Oct-08,HRDT,HIV test,"Trinity Biotech, Plc","HIV 1/2, Uni-Gold HIV Kit, 20 Tests","HIV 1/2, Uni-Gold HIV Kit",Uni-Gold,,Test kit,20,5300,169600.0,32.0,1.6,"Trinity Biotech, Plc",Yes,1796,32437.45,271.36
19977,116-ZA-T30,FPQ-4359,SCMS-54980,ASN-5372,South Africa,PMO - US,Direct Drop,DDP,Truck,10/8/2009,10/15/2009,21-Oct-09,21-Oct-09,21-Oct-09,ARV,Pediatric,S. BUYS WHOLESALER,"Lamivudine 10mg/ml [Epivir], oral solution, Bottle, 240 ml",Lamivudine,Epivir,10mg/ml,Oral solution,240,1000,6669.31,6.67,0.03,GSK Mississauga (Canada),Yes,Weight Captured Separately,Freight Included in Commodity Cost,13.07
66578,900-SS-T30,FPQ-10504,SCMS-157880,ASN-16852,South Sudan,PMO - US,Direct Drop,EXW,Air,8/15/2012,8/21/2012,13-Dec-12,13-Dec-12,13-Dec-12,HRDT,HIV test - Ancillary,"Orgenics, Ltd","Chase Buffer, Determine, 100 Tests, 2.5ml x 1 Vial","Chase Buffer, Determine, 100 Tests, 2.5ml x 1 Vial",Determine,,Test kit - Ancillary,1,238,1190.0,5.0,5.0,"Alere Medical Co., Ltd.",No,See ASN-16852 (ID#:25990),See ASN-16852 (ID#:25990),1.67
83974,104-CI-T30,FPQ-3964,SO-34521,DN-1620,Côte d'Ivoire,PMO - US,From RDC,N/A - From RDC,Air,7/24/2009,N/A - From RDC,8-Feb-10,23-Jan-10,23-Jan-10,ARV,Adult,SCMS from RDC,"Efavirenz 600mg, tablets, 30 Tabs",Efavirenz,Generic,600mg,Tablet,30,8676,50147.28,5.78,0.19,"Aurobindo Unit III, India",Yes,4845,5254.1,98.29
25085,117-ET-T30,FPQ-6608,SCMS-92050,ASN-10239,Ethiopia,PMO - US,Direct Drop,EXW,Air,11/9/2010,11/24/2010,8-Apr-11,8-Apr-11,8-Apr-11,HRDT,HIV test,"Trinity Biotech, Plc","HIV 1/2, Uni-Gold HIV Kit, 20 Tests","HIV 1/2, Uni-Gold HIV Kit",Uni-Gold,,Test kit,20,336,10752.0,32.0,1.6,"Trinity Biotech, Plc",Yes,Weight Captured Separately,1921.14,17.74
83780,151-NG-T30,FPQ-12248,SO-45666,DN-3620,Nigeria,PMO - US,From RDC,N/A - From RDC,Air Charter,5/6/2013,N/A - From RDC,15-Apr-14,20-Apr-14,2-May-14,ARV,Adult,SCMS from RDC,"Efavirenz/Lamivudine/Tenofovir Disoproxil Fumarate 600/300/300mg, tablets, 30 Tabs",Efavirenz/Lamivudine/Tenofovir Disoproxil Fumarate,Generic,600/300/300mg,Tablet - FDC,30,40409,439245.83,10.87,0.36,Hetero Unit III Hyderabad IN,Yes,5977,29674.92,543.35
86799,103-ZW-T30,FPQ-15197,SO-50011,DN-4225,Zimbabwe,PMO - US,From RDC,N/A - From RDC,Truck,10/16/2014,N/A - From RDC,30-Apr-15,8-Apr-15,14-Apr-15,ARV,Pediatric,SCMS from RDC,"Lamivudine/Zidovudine 30/60mg, dispersible tablets, 60 Tabs",Lamivudine/Zidovudine,Generic,30/60mg,Chewable/dispersible tablet - FDC,60,47733,91647.36,1.92,0.03,"Cipla, Goa, India",Yes,6368,2592.56,107.87
24324,161-ZA-T30,FPQ-5303,SCMS-68790,ASN-6911,South Africa,PMO - US,Direct Drop,DDP,Air,3/18/2010,3/19/2010,7-Jul-10,7-Jul-10,7-Jul-10,ARV,Adult,STRIDES ARCOLAB LIMITED,"Lamivudine 150mg, tablets, 60 Tabs",Lamivudine,Generic,150mg,Tablet,60,303125,779031.25,2.57,0.04,"Strides, Bangalore, India.",Yes,15006,20134.62,1679.59
10500,116-ZA-T01,Pre-PQ Process,SCMS-47052,ASN-5369,South Africa,PMO - US,Direct Drop,DDP,Truck,Pre-PQ Process,6/5/2009,12-Oct-09,12-Oct-09,12-Oct-09,ARV,Pediatric,S. BUYS WHOLESALER,"Zidovudine 10mg/ml, oral solution, Bottle, 240 ml",Zidovudine,Generic,10mg/ml,Oral solution,240,200,1410.0,7.05,0.03,"Aurobindo Unit III, India",Yes,Weight Captured Separately,Freight Included in Commodity Cost,3.04
47356,161-ZA-T30,FPQ-5303,SCMS-68990,ASN-7181,South Africa,PMO - US,Direct Drop,DDP,Air,3/18/2010,3/19/2010,9-Jun-10,10-Jun-10,10-Jun-10,ARV,Pediatric,Aurobindo Pharma Limited,"Nevirapine 10mg/ml, oral suspension w/syringe, Bottle, 240 ml",Nevirapine,Generic,10mg/ml,Oral suspension,240,11980,37737.0,3.15,0.01,"Aurobindo Unit III, India",Yes,4621,4762.44,81.36
10718,113-ZW-T01,Pre-PQ Process,SO-1052,DN-838,Zimbabwe,PMO - US,From RDC,N/A - From RDC,Truck,Pre-PQ Process,N/A - From RDC,26-Jul-08,26-Jul-08,26-Jul-08,HRDT,HIV test,SCMS from RDC,"HIV 1/2, Bioline 3.0 Kit, Lancets, Capillary pipets, Alcohol swabs included, 25 Tests","HIV 1/2, Bioline 3.0 Kit, Lancets, Capillary pipets, Alcohol swabs included",Bioline,,Test kit,25,307,6140.0,20.0,0.8,"Standard Diagnostics, Korea",Yes,1368,5663,9.82
25103,109-TZ-T30,FPQ-8071,SCMS-116860,ASN-13529,Tanzania,PMO - US,Direct Drop,EXW,Air,7/22/2011,8/1/2011,9-Feb-12,9-Feb-12,9-Feb-12,HRDT,HIV test,"Orgenics, Ltd","HIV 1/2, Determine Complete HIV Kit, 100 Tests","HIV 1/2, Determine Complete HIV Kit",Determine,,Test kit,100,3500,280000.0,80.0,0.8,Inverness Japan,Yes,1669,30754.1,462.0
11573,130-NG-T01,Pre-PQ Process,SO-10650,DN-1009,Nigeria,PMO - US,From RDC,N/A - From RDC,Air,Pre-PQ Process,N/A - From RDC,17-Nov-08,17-Nov-08,17-Nov-08,ARV,Adult,SCMS from RDC,"Nevirapine 200mg, tablets, 60 Tabs",Nevirapine,Generic,200mg,Tablet,60,2454,8343.6,3.4,0.06,"Aurobindo Unit III, India",Yes,231,4401.4,16.35
12000,111-MZ-T01,Pre-PQ Process,SO-32530,DN-1380,Mozambique,PMO - US,From RDC,N/A - From RDC,Truck,Date Not Captured,N/A - From RDC,17-Sep-09,17-Sep-09,17-Sep-09,ARV,Adult,SCMS from RDC,"Lamivudine/Nevirapine/Stavudine 150/200/30mg, tablets, 60 Tabs",Lamivudine/Nevirapine/Stavudine,Generic,150/200/30mg,Tablet - FDC,60,17000,121040.0,7.12,0.12,"Strides, Bangalore, India.",Yes,4374,1799.88,237.24
86548,101-CD-T30,FPQ-11096,SO-43750,DN-3017,"Congo, DRC",PMO - US,From RDC,N/A - From RDC,Air,11/20/2012,N/A - From RDC,18-Mar-13,8-Aug-13,8-Aug-13,ARV,Pediatric,SCMS from RDC,"Lamivudine/Nevirapine/Zidovudine 30/50/60mg, dispersible tablets, 60 Tabs",Lamivudine/Nevirapine/Zidovudine,Generic,30/50/60mg,Chewable/dispersible tablet - FDC,60,3960,16434.0,4.15,0.07,Mylan (formerly Matrix) Nashik,No,See DN-3017 (ID#:83108),See DN-3017 (ID#:83108),20.33
38368,161-ZA-T30,FPQ-5303,SCMS-68950,ASN-7080,South Africa,PMO - US,Direct Drop,DDP,Air,3/18/2010,3/19/2010,9-Jun-10,7-Jul-10,7-Jul-10,ARV,Adult,Aurobindo Pharma Limited,"Nevirapine 200mg, tablets, 60 Tabs",Nevirapine,Generic,200mg,Tablet,60,38400,112128.0,2.92,0.05,"Aurobindo Unit III, India",Yes,4528,6369.79,241.75
83888,113-ZW-T30,FPQ-14458,SO-49150,DN-4129,Zimbabwe,PMO - US,From RDC,N/A - From RDC,Truck,6/13/2014,N/A - From RDC,9-Feb-15,10-Feb-15,20-Feb-15,ARV,Adult,SCMS from RDC,"Efavirenz/Lamivudine/Tenofovir Disoproxil Fumarate 600/300/300mg, tablets, 30 Tabs",Efavirenz/Lamivudine/Tenofovir Disoproxil Fumarate,Generic,600/300/300mg,Tablet - FDC,30,400000,3904000.0,9.76,0.33,Mylan (formerly Matrix) Nashik,Yes,45186,47401.47,4013.31
56320,161-ZA-T30,FPQ-5303,SCMS-69000,ASN-7021,South Africa,PMO - US,Direct Drop,DDP,Air,3/18/2010,3/19/2010,8-Jun-10,8-Jun-10,8-Jun-10,ARV,Adult,Aurobindo Pharma Limited,"Zidovudine 300mg, tablets, 60 Tabs",Zidovudine,Generic,300mg,Tablet,60,26540,197192.2,7.43,0.12,"Aurobindo Unit III, India",Yes,1431,4885.21,425.15
8802,109-TZ-T01,Pre-PQ Process,SCMS-34430,ASN-3699,Tanzania,PMO - US,Direct Drop,EXW,Air,Pre-PQ Process,12/2/2008,17-May-09,17-May-09,17-May-09,HRDT,HIV test,"Trinity Biotech, Plc","HIV 1/2, Uni-Gold HIV Kit, 20 Tests","HIV 1/2, Uni-Gold HIV Kit",Uni-Gold,,Test kit,20,839,26848.0,32.0,1.6,"Trinity Biotech, Plc",Yes,277,3146.63,52.62
410,113-ZW-T01,Pre-PQ Process,SCMS-18870,ASN-2434,Zimbabwe,PMO - US,Direct Drop,EXW,Air,Pre-PQ Process,3/17/2008,17-Nov-08,17-Nov-08,17-Nov-08,HRDT,HIV test,"Orgenics, Ltd","HIV 1/2, Determine HIV Kit, without Lancets, 100 Tests","HIV 1/2, Determine HIV Kit, without Lancets",Determine,,Test kit,100,1634,117631.66,71.99,0.72,Inverness Japan,Yes,373,4112.46,188.21
74465,106-HT-T30,FPQ-6941,SCMS-100090,ASN-10006,Haiti,PMO - US,Direct Drop,FCA,Air,1/3/2011,2/15/2011,5-Apr-11,5-Apr-11,5-Apr-11,ARV,Pediatric,BRISTOL-MYERS SQUIBB,"Didanosine 50mg [Videx], chewable tablets, 60 Tabs",Didanosine,Videx,50mg,Chewable/dispersible tablet,60,200,1900.0,9.5,0.16,"BMS Meymac, France",Yes,94,757.42,3.14
83322,107-RW-T30,FPQ-14111,SO-48813,DN-4181,Rwanda,PMO - US,From RDC,N/A - From RDC,Truck,4/22/2014,N/A - From RDC,30-Apr-15,27-Mar-15,7-Apr-15,ARV,Pediatric,SCMS from RDC,"Abacavir 20mg/ml, oral solution, Bottle, 240 ml",Abacavir,Generic,20mg/ml,Oral solution,240,503,3435.49,6.83,0.03,"Aurobindo Unit III, India",Yes,Weight Captured Separately,Invoiced Separately,3.53
63998,103-CM-T30,FPQ-14930,SCMS-259420,ASN-29421,Cameroon,PMO - US,Direct Drop,EXW,Air,9/23/2014,10/16/2014,2-Dec-14,2-Dec-14,5-Dec-14,HRDT,HIV test,"Orgenics, Ltd","HIV 1/2, Determine Complete HIV Kit, 100 Tests","HIV 1/2, Determine Complete HIV Kit",Determine,,Test kit,100,120,9600.0,80.0,0.8,"Alere Medical Co., Ltd.",Yes,55,846.69,9.87
81988,161-ZA-T30,FPQ-5447,SCMS-70130,ASN-7086,South Africa,PMO - US,Direct Drop,DDP,Truck,4/1/2010,4/23/2010,29-Apr-10,29-Apr-10,29-Apr-10,ARV,Pediatric,AUROBINDO PHARAM (SOUTH AFRICA),"Lamivudine 10mg/ml, oral solution w/syringe, Bottle, 240 ml",Lamivudine,Generic,10mg/ml,Oral solution,240,16500,50631.92,3.07,0.01,"Aurobindo Unit III, India",Yes,Weight Captured Separately,3908.56,109.16
82695,151-NG-T30,FPQ-13293,SO-47272,DN-3794,Nigeria,PMO - US,From RDC,N/A - From RDC,Air Charter,11/19/2013,N/A - From RDC,30-Jun-14,20-Jun-14,25-Jun-14,ARV,Adult,SCMS from RDC,"Lamivudine/Nevirapine/Zidovudine 150/200/300mg, tablets, 60 Tabs",Lamivudine/Nevirapine/Zidovudine,Generic,150/300/200mg,Tablet - FDC,60,145235,1177855.85,8.11,0.14,"Strides, Bangalore, India.",No,See DN-3794 (ID#:82694),See DN-3794 (ID#:82694),1210.84
11133,112-NG-T01,Pre-PQ Process,SO-663,DN-190,Nigeria,PMO - US,From RDC,N/A - From RDC,,Pre-PQ Process,N/A - From RDC,26-Jun-07,26-Jun-07,26-Jun-07,ARV,Adult,SCMS from RDC,"Stavudine 30mg, capsules, 60 Caps",Stavudine,Generic,30mg,Capsule,60,700,1064.0,1.52,0.03,"Strides, Bangalore, India.",No,See DN-190 (ID#:10570),See DN-190 (ID#:10570),1.7
83084,114-UG-T30,FPQ-10503,SO-43090,DN-2873,Uganda,PMO - US,From RDC,N/A - From RDC,Air,8/15/2012,N/A - From RDC,25-Oct-12,22-Oct-12,22-Oct-12,ARV,Adult,SCMS from RDC,"Lamivudine/Zidovudine 150/300mg, tablets, 60 Tabs",Lamivudine/Zidovudine,Generic,150/300mg,Tablet - FDC,60,3540,27328.8,7.72,0.13,Hetero Unit III Hyderabad IN,No,See DN-2873 (ID#:82515),See DN-2873 (ID#:82515),38.31
54661,102-MW-T30,FPQ-12745,SCMS-203140,ASN-22167,Malawi,PMO - US,Direct Drop,EXW,Air,8/1/2013,9/4/2013,30-Oct-13,30-Oct-13,14-Nov-13,HRDT,HIV test,"Orgenics, Ltd","HIV 1/2, Determine Complete HIV Kit, 100 Tests","HIV 1/2, Determine Complete HIV Kit",Determine,,Test kit,100,260,20800.0,80.0,0.8,"Alere Medical Co., Ltd.",Yes,109,2384.79,25.73
41916,161-ZA-T30,FPQ-7175,SCMS-103510,ASN-11888,South Africa,PMO - US,Direct Drop,DDP,Ocean,3/10/2011,3/24/2011,10-Oct-11,10-Oct-11,10-Oct-11,ARV,Adult,Aurobindo Pharma Limited,"Efavirenz 600mg, tablets, 30 Tabs",Efavirenz,Generic,600mg,Tablet,30,48866,220385.66,4.51,0.15,"Aurobindo Unit III, India",Yes,4154,9951.37,363.64
72770,101-CD-T30,FPQ-14654,SCMS-253270,ASN-28379,"Congo, DRC",PMO - US,Direct Drop,EXW,Air,8/11/2014,8/27/2014,31-Dec-14,31-Dec-14,31-Dec-14,HRDT,HIV test - Ancillary,"Orgenics, Ltd","Chase Buffer, Determine, 100 Tests, 2.5ml x 1 Vial","Chase Buffer, Determine, 100 Tests, 2.5ml x 1 Vial",Determine,,Test kit - Ancillary,1,2683,13415.0,5.0,5.0,"Alere Medical Co., Ltd.",No,See ASN-28379 (ID#:32865),See ASN-28379 (ID#:32865),13.79
24604,106-HT-T30,FPQ-15038,SCMS-262900,ASN-31866,Haiti,PMO - US,Direct Drop,FCA,Air,10/22/2014,12/24/2014,5-Jun-15,5-Jun-15,8-Jun-15,ARV,Pediatric,ABBVIE LOGISTICS (FORMERLY ABBOTT LOGISTICS BV),"Lopinavir/Ritonavir 80/20mg/ml [Kaletra], oral solution, cool, Bottle 5 x 60 ml",Lopinavir/Ritonavir,Kaletra,80/20mg/ml,Oral solution,300,420,12944.4,30.82,0.1,ABBVIE (Abbott) Logis. UK,Yes,494,2737.95,13.31
84920,104-CI-T30,FPQ-13142,SO-47130,DN-3655,Côte d'Ivoire,PMO - US,From RDC,N/A - From RDC,Truck,10/22/2013,N/A - From RDC,21-Apr-14,1-May-14,11-Jun-14,ARV,Adult,SCMS from RDC,"Abacavir/Lamivudine 600/300mg, tablets, 30 Tabs",Abacavir/Lamivudine,Generic,600/300mg,Tablet - FDC,30,3291,44494.32,13.52,0.45,"Aurobindo Unit III, India",No,See DN-3655 (ID#:83237),See DN-3655 (ID#:83237),45.74
83881,114-UG-T30,FPQ-15638,SO-50650,DN-4106,Uganda,PMO - US,From RDC,N/A - From RDC,Truck,12/22/2014,N/A - From RDC,17-Feb-15,31-Jan-15,2-Feb-15,ARV,Adult,SCMS from RDC,"Nevirapine 200mg, tablets, 60 Tabs",Nevirapine,Generic,200mg,Tablet,60,10059,21928.62,2.18,0.04,Hetero Unit III Hyderabad IN,Yes,632,2643.5,25.81
38418,116-ZA-T30,FPQ-14942,SCMS-259075,ASN-32122,South Africa,PMO - US,Direct Drop,DDP,Truck,9/11/2014,5/11/2015,12-May-15,12-May-15,12-May-15,ARV,Adult,PHARMACY DIRECT,"Lamivudine 150mg, tablets, 60 Tabs",Lamivudine,Generic,150mg,Tablet,60,56,369.98,6.61,0.11,"Aurobindo Unit III, India",No,Weight Captured Separately,Freight Included in Commodity Cost,0.38
11024,151-NG-T01,Pre-PQ Process,SO-21803,DN-1137,Nigeria,PMO - US,From RDC,N/A - From RDC,Air Charter,Pre-PQ Process,N/A - From RDC,19-Mar-09,19-Mar-09,19-Mar-09,ARV,Adult,SCMS from RDC,"Lamivudine/Nevirapine/Zidovudine 150/200/300mg, tablets, 60 Tabs",Lamivudine/Nevirapine/Zidovudine,Generic,150/300/200mg,Tablet - FDC,60,5426,61856.4,11.4,0.19,"Aurobindo Unit III, India",Yes,610,Freight Included in Commodity Cost,121.24
12809,117-ET-T01,Pre-PQ Process,SO-1536,DN-630,Ethiopia,PMO - US,From RDC,N/A - From RDC,Air,Pre-PQ Process,N/A - From RDC,1-Feb-08,6-Mar-08,6-Mar-08,ARV,Adult,SCMS from RDC,"Lamivudine 150mg, tablets, 60 Tabs",Lamivudine,Generic,150mg,Tablet,60,30874,93856.96,3.04,0.05,"Ranbaxy, Paonta Shahib, India",Yes,1822,9742,150.17
83929,103-ZW-T30,FPQ-16162,SO-51300,DN-4335,Zimbabwe,PMO - US,From RDC,N/A - From RDC,Truck,4/7/2015,N/A - From RDC,31-Dec-15,4-Aug-15,11-Aug-15,ARV,Pediatric,SCMS from RDC,"Efavirenz 200mg, scored tablets, 90 Tabs",Efavirenz,Generic,200mg,Tablet,90,1482,13782.6,9.3,0.1,"Strides, Bangalore, India.",Yes,90,Freight Included in Commodity Cost,16.22
10570,112-NG-T01,Pre-PQ Process,SO-663,DN-190,Nigeria,PMO - US,From RDC,N/A - From RDC,,Pre-PQ Process,N/A - From RDC,26-Jun-07,26-Jun-07,26-Jun-07,ARV,Adult,SCMS from RDC,"Stavudine 40mg, capsules, 60 Caps",Stavudine,Generic,40mg,Capsule,60,300,537.0,1.79,0.03,"Aurobindo Unit III, India",Yes,54,1283.24,0.86
82542,114-UG-T30,FPQ-10780,SO-43491,DN-3000,Uganda,PMO - US,From RDC,N/A - From RDC,Air,10/10/2012,N/A - From RDC,11-Feb-13,7-Mar-13,7-Mar-13,ARV,Adult,SCMS from RDC,"Efavirenz/Emtricitabine/Tenofovir Disoproxil Fumarate 600/200/300mg, tablets, 30 Tabs",Efavirenz/Emtricitabine/Tenofovir Disoproxil Fumarate,Generic,600/200/300mg,Tablet - FDC,30,7126,97554.94,13.69,0.46,Mylan (formerly Matrix) Nashik,Yes,2261,13252.2,136.77
4824,109-TZ-T01,Pre-PQ Process,SCMS-34690,ASN-3853,Tanzania,PMO - US,Direct Drop,CIP,Air,Pre-PQ Process,12/30/2008,15-Jun-09,15-Jun-09,15-Jun-09,ARV,Adult,MERCK SHARP & DOHME IDEA GMBH (FORMALLY MERCK SHARP & DOHME B.V.),"Efavirenz/Emtricitabine/Tenofovir Disoproxil Fumarate 600/200/300mg [Atripla], tablets, 30 Tabs",Efavirenz/Emtricitabine/Tenofovir Disoproxil Fumarate,Atripla,600/200/300mg,Tablet - FDC,30,24963,1258135.2,50.4,1.68,"MSD, Haarlem, NL",Yes,2462,3451.41,2465.94
85217,104-CI-T30,FPQ-8295,SO-40791,DN-2459,Côte d'Ivoire,PMO - US,From RDC,N/A - From RDC,Truck,8/25/2011,N/A - From RDC,6-Feb-12,6-Feb-12,6-Feb-12,ARV,Adult,SCMS from RDC,"Zidovudine 300mg, tablets, 60 Tabs",Zidovudine,Generic,300mg,Tablet,60,13590,95401.8,7.02,0.12,Mylan (formerly Matrix) Nashik,No,See DN-2459 (ID#:82424),See DN-2459 (ID#:82424),157.41
15804,102-ML-T30,FPQ-11783,SCMS-182801,ASN-19657,Mali,PMO - US,Direct Drop,EXW,Air,3/15/2013,4/11/2013,3-Jul-13,3-Jul-13,3-Jul-13,HRDT,HIV test,"Orgenics, Ltd","HIV 1/2, Clearview Complete Kit, 25 Tests","HIV 1/2, Clearview Complete Kit",Clearview,,Test kit,25,20,1900.0,95.0,3.8,Chembio Diagnostics Sys. Inc.,Yes,9,779.06,2.35
84343,103-ZW-T30,FPQ-13109,SO-46960,DN-3572,Zimbabwe,PMO - US,From RDC,N/A - From RDC,Truck,10/17/2013,N/A - From RDC,31-Mar-14,24-Mar-14,4-Apr-14,ARV,Pediatric,SCMS from RDC,"Abacavir 20mg/ml, oral solution w/syringe, Bottle, 240 ml",Abacavir,Generic,20mg/ml,Oral solution,240,595,5063.45,8.51,0.04,"Aurobindo Unit III, India",Yes,236,7300,5.21
24530,127-KE-T30,FPQ-8155,SCMS-119180,ASN-12300,Kenya,PMO - US,Direct Drop,EXW,Air,8/5/2011,8/29/2011,4-Nov-11,4-Nov-11,4-Nov-11,HRDT,HIV test,"Trinity Biotech, Plc","HIV 1/2, Uni-Gold HIV Kit, 20 Tests","HIV 1/2, Uni-Gold HIV Kit",Uni-Gold,,Test kit,20,1500,48000.0,32.0,1.6,"Trinity Biotech, Plc",Yes,499,4976.33,79.2
83451,104-CI-T30,FPQ-5201,SO-36311,DN-1982,Côte d'Ivoire,PMO - US,From RDC,N/A - From RDC,Air,3/3/2010,N/A - From RDC,23-Aug-10,23-Aug-10,23-Aug-10,ARV,Adult,SCMS from RDC,"Abacavir 300mg, tablets, 60 Tabs",Abacavir,Generic,300mg,Tablet,60,4140,68061.6,16.44,0.27,Mylan (formerly Matrix) Nashik,No,See DN-1982 (ID#:82910),See DN-1982 (ID#:82910),146.74
5042,116-ZA-T01,Pre-PQ Process,SCMS-41060,ASN-3624,South Africa,PMO - US,Direct Drop,DDP,Air,Pre-PQ Process,Date Not Captured,5-May-09,23-Dec-08,23-Dec-08,ARV,Adult,S. BUYS WHOLESALER,"Efavirenz 600mg, tablets, 30 Tabs",Efavirenz,Generic,600mg,Tablet,30,6215,102609.65,16.51,0.55,"Aurobindo Unit III, India",No,Weight Captured Separately,Freight Included in Commodity Cost,201.11
29963,106-HT-T30,FPQ-11442,SCMS-177182,ASN-19520,Haiti,PMO - US,Direct Drop,EXW,Air,1/30/2013,3/11/2013,10-Jun-13,10-Jun-13,10-Jun-13,ARV,Pediatric,Aurobindo Pharma Limited,"Abacavir 20mg/ml, oral solution w/syringe, Bottle, 240 ml",Abacavir,Generic,20mg/ml,Oral solution,240,255,1741.65,6.83,0.03,"Aurobindo Unit III, India",No,See ASN-19520 (ID#:18405),See ASN-19520 (ID#:18405),2.15
84889,109-TZ-T30,FPQ-12587,SO-45994,DN-3543,Tanzania,PMO - US,From RDC,N/A - From RDC,Truck,7/4/2013,N/A - From RDC,29-May-14,7-May-14,13-Jun-14,ARV,Pediatric,SCMS from RDC,"Abacavir/Lamivudine 60/30mg, dispersible tablets, 60 Tabs",Abacavir/Lamivudine,Generic,60/30mg,Chewable/dispersible tablet - FDC,60,25000,157500.0,6.3,0.1,"Cipla, Patalganga, India",Yes,2266,2352.52,194.83
32963,104-CI-T30,FPQ-12806,SCMS-206521,ASN-24427,Côte d'Ivoire,PMO - US,Direct Drop,FCA,Air,8/9/2013,12/9/2013,17-Mar-14,17-Mar-14,18-Mar-14,ARV,Pediatric,ABBVIE LOGISTICS (FORMERLY ABBOTT LOGISTICS BV),"Lopinavir/Ritonavir 100/25mg [Aluvia], tablets, 60 Tabs",Lopinavir/Ritonavir,Generic,100/25mg,Tablet,60,5900,35046.0,5.94,0.1,ABBVIE Ludwigshafen Germany,Yes,701,7008.1,43.35
33522,104-CI-T30,FPQ-9874,SCMS-147590,ASN-17853,Côte d'Ivoire,PMO - US,Direct Drop,EXW,Air,5/11/2012,6/13/2012,6-Feb-13,6-Feb-13,6-Feb-13,HRDT,HIV test,"Orgenics, Ltd","HIV 1/2, Determine Complete HIV Kit, 100 Tests","HIV 1/2, Determine Complete HIV Kit",Determine,,Test kit,100,2400,192000.0,80.0,0.8,"Alere Medical Co., Ltd.",Yes,1043,20882.95,269.18
83571,104-CI-T30,FPQ-8787,SO-41151,DN-2557,Côte d'Ivoire,PMO - US,From RDC,N/A - From RDC,Air,11/11/2011,N/A - From RDC,16-Apr-12,24-Feb-12,24-Feb-12,ARV,Adult,SCMS from RDC,"Efavirenz/Emtricitabine/Tenofovir Disoproxil Fumarate 600/200/300mg, tablets, 30 Tabs",Efavirenz/Emtricitabine/Tenofovir Disoproxil Fumarate,Generic,600/200/300mg,Tablet - FDC,30,7140,119452.2,16.73,0.56,Mylan (formerly Matrix) Nashik,Yes,779,4646.13,167.47
78576,104-CI-T30,FPQ-4484,SCMS-56481,ASN-5619,Côte d'Ivoire,PMO - US,Direct Drop,EXW,Air,10/29/2009,11/3/2009,21-Jan-10,21-Jan-10,21-Jan-10,HRDT,HIV test,"Orgenics, Ltd","HIV 1/2, Determine HIV Kit, without Lancets, 100 Tests","HIV 1/2, Determine HIV Kit, without Lancets",Determine,,Test kit,100,3500,245000.0,70.0,0.7,Inverness Japan,Yes,794,12506.12,528.22
86031,107-RW-T30,FPQ-12766,SO-46483,DN-3497,Rwanda,PMO - US,From RDC,N/A - From RDC,Truck,8/2/2013,N/A - From RDC,31-Jan-14,3-Feb-14,24-Feb-14,ARV,Adult,SCMS from RDC,"Lamivudine/Nevirapine/Zidovudine 150/200/300mg, tablets, 60 Tabs",Lamivudine/Nevirapine/Zidovudine,Generic,150/300/200mg,Tablet - FDC,60,26540,219220.4,8.26,0.14,"Aurobindo Unit III, India",No,See DN-3497 (ID#:82640),See DN-3497 (ID#:82640),271.18
77519,108-VN-T30,FPQ-4266,SCMS-56530,ASN-7262,Vietnam,PMO - US,Direct Drop,EXW,Air,10/20/2009,11/9/2009,6-Jul-10,6-Jul-10,6-Jul-10,ARV,Adult,Aurobindo Pharma Limited,"Lamivudine/Zidovudine 150/300mg, tablets, 60 Tabs",Lamivudine/Zidovudine,Generic,150/300mg,Tablet - FDC,60,14952,128736.72,8.61,0.14,"Aurobindo Unit III, India",No,See ASN-7262 (ID#:25201),See ASN-7262 (ID#:25201),252.32
61779,111-MZ-T30,FPQ-13774,SCMS-229670,ASN-25566,Mozambique,PMO - US,Direct Drop,EXW,Air,2/21/2014,2/28/2014,2-May-14,2-May-14,2-May-14,HRDT,HIV test - Ancillary,"Orgenics, Ltd","Chase Buffer, Determine, 100 Tests, 2.5ml x 1 Vial","Chase Buffer, Determine, 100 Tests, 2.5ml x 1 Vial",Determine,,Test kit - Ancillary,1,229,1145.0,5.0,5.0,"Alere Medical Co., Ltd.",No,Weight Captured Separately,Freight Included in Commodity Cost,1.18
85178,104-CI-T30,FPQ-6144,SO-37290,DN-2108,Côte d'Ivoire,PMO - US,From RDC,N/A - From RDC,Air,8/3/2010,N/A - From RDC,31-Jan-11,22-Feb-11,22-Feb-11,ARV,Adult,SCMS from RDC,"Abacavir 300mg, tablets, 60 Tabs",Abacavir,Generic,300mg,Tablet,60,2436,37758.0,15.5,0.26,Mylan (formerly Matrix) Nashik,No,See DN-2108 (ID#:82368),See DN-2108 (ID#:82368),81.41
7468,117-ET-T01,Pre-PQ Process,SCMS-32640,ASN-2933,Ethiopia,PMO - US,Direct Drop,EXW,Air,Pre-PQ Process,10/27/2008,3-Dec-08,1-Dec-08,1-Dec-08,HRDT,HIV test,"SHANGHAI KEHUA BIOENGINEERING CO.,LTD.  (KHB)","HIV 1/2, SKB Colloidal Gold, Diagnostic Kit, Antibody, 50 Tests","HIV 1/2, Colloidal Gold, Diagnostic Kit, Antibody",Colloidal Gold,,Test kit,1,3510,80730.0,23.0,23.0,"KHB Test Kit Facility, Shanghai China",Yes,2535,23035.69,158.23
12764,111-MZ-T01,Pre-PQ Process,SO-1039,DN-628,Mozambique,PMO - US,From RDC,N/A - From RDC,Air,Pre-PQ Process,N/A - From RDC,8-Apr-08,5-Apr-08,5-Apr-08,ARV,Adult,SCMS from RDC,"Efavirenz 600mg, tablets, 30 Tabs",Efavirenz,Generic,600mg,Tablet,30,12663,157274.46,12.42,0.41,"Aurobindo Unit III, India",No,See DN-628 (ID#:10654),See DN-628 (ID#:10654),251.64
12393,109-TZ-T01,Pre-PQ Process,SO-455,DN-290,Tanzania,PMO - US,From RDC,N/A - From RDC,,Pre-PQ Process,N/A - From RDC,10-Sep-07,10-Sep-07,10-Sep-07,ARV,Adult,SCMS from RDC,"Ritonavir 100mg [Norvir], capsules, cool, 4 x 84 Caps",Ritonavir,Norvir,100mg,Capsule,336,157,6022.52,38.36,0.11,ABBVIE (Abbott) Logis. UK,No,See DN-290 (ID#:10859),See DN-290 (ID#:10859),9.64
83601,110-ZM-T30,FPQ-9081,SO-41291,DN-2731,Zambia,PMO - US,From RDC,N/A - From RDC,Truck,12/22/2011,N/A - From RDC,30-Jul-12,30-Jul-12,30-Jul-12,ARV,Adult,SCMS from RDC,"Efavirenz/Emtricitabine/Tenofovir Disoproxil Fumarate 600/200/300mg, tablets, 30 Tabs",Efavirenz/Emtricitabine/Tenofovir Disoproxil Fumarate,Generic,600/200/300mg,Tablet - FDC,30,190000,2857600.0,15.04,0.5,Mylan (formerly Matrix) Nashik,Yes,21534,13914.56,4006.36
82605,102-BI-T30,FPQ-12602,SO-46010,DN-3335,Burundi,PMO - US,From RDC,N/A - From RDC,Air,7/9/2013,N/A - From RDC,3-Nov-13,5-Nov-13,12-Nov-13,ARV,Adult,SCMS from RDC,"Lamivudine/Nevirapine/Zidovudine 150/200/300mg, tablets, 60 Tabs",Lamivudine/Nevirapine/Zidovudine,Generic,150/300/200mg,Tablet - FDC,60,1344,11101.44,8.26,0.14,Hetero Unit III Hyderabad IN,No,See DN-3335 (ID#:82604),See DN-3335 (ID#:82604),13.73
27574,101-KE-T30,FPQ-10314,SCMS-153912,ASN-17292,Kenya,PMO - US,Direct Drop,CIP,Air,7/12/2012,11/21/2012,10-Dec-12,10-Dec-12,10-Dec-12,HRDT,HIV test,"Orgenics, Ltd","HIV 1/2, Determine Complete HIV Kit, 100 Tests","HIV 1/2, Determine Complete HIV Kit",Determine,,Test kit,100,1005,89445.0,89.0,0.89,"Alere Medical Co., Ltd.",Yes,Weight Captured Separately,Freight Included in Commodity Cost,125.4
62516,108-VN-T30,FPQ-9001,SCMS-131580,ASN-15388,Vietnam,PMO - US,Direct Drop,FCA,Air,12/15/2011,1/25/2012,26-Jul-12,26-Jul-12,26-Jul-12,ARV,Adult,ABBVIE LOGISTICS (FORMERLY ABBOTT LOGISTICS BV),"Lopinavir/Ritonavir 200/50mg [Aluvia], tablets, 120 Tabs",Lopinavir/Ritonavir,Aluvia,200/50mg,Tablet,120,7078,430483.96,60.82,0.51,ABBVIE Ludwigshafen Germany,Yes,1724,5248.47,603.54
42295,108-VN-T30,FPQ-14516,SCMS-251680,ASN-29386,Vietnam,PMO - US,Direct Drop,EXW,Air,7/9/2014,8/11/2014,24-Dec-14,19-Dec-14,19-Dec-14,ARV,Adult,HETERO LABS LIMITED,"Efavirenz/Lamivudine/Tenofovir Disoproxil Fumarate 600/300/300mg, tablets, 30 Tabs",Efavirenz/Lamivudine/Tenofovir Disoproxil Fumarate,Generic,600/300/300mg,Tablet - FDC,30,5280,55440.0,10.5,0.35,Hetero Unit III Hyderabad IN,Yes,1570,2690.2,56.99
85912,110-ZM-T30,FPQ-9773,SO-41994,DN-2912,Zambia,PMO - US,From RDC,N/A - From RDC,Truck,4/27/2012,N/A - From RDC,15-Nov-12,5-Nov-12,5-Nov-12,ARV,Adult,SCMS from RDC,"Efavirenz/Emtricitabine/Tenofovir Disoproxil Fumarate 600/200/300mg, tablets, 30 Tabs",Efavirenz/Emtricitabine/Tenofovir Disoproxil Fumarate,Generic,600/200/300mg,Tablet - FDC,30,133000,1912540.0,14.38,0.48,Mylan (formerly Matrix) Nashik,Yes,15075,10809.09,2681.38
20236,101-CD-T30,FPQ-14255,SCMS-239810,ASN-27324,"Congo, DRC",PMO - US,Direct Drop,EXW,Air,5/15/2014,5/19/2014,30-Sep-14,30-Sep-14,21-Oct-14,ARV,Pediatric,Aurobindo Pharma Limited,"Didanosine 200mg, delayed-release capsules, 30 Caps",Didanosine,Generic,200mg,Delayed-release capsules,30,550,6050.0,11.0,0.37,"Aurobindo Unit III, India",No,See ASN-27324 (ID#:13842),See ASN-27324 (ID#:13842),6.22
12899,151-NG-T01,Pre-PQ Process,SO-32647,DN-1341,Nigeria,PMO - US,From RDC,N/A - From RDC,Air Charter,Date Not Captured,N/A - From RDC,4-Aug-09,4-Aug-09,4-Aug-09,ARV,Adult,SCMS from RDC,"Lamivudine/Nevirapine/Zidovudine 150/200/300mg, tablets, 60 Tabs",Lamivudine/Nevirapine/Zidovudine,Generic,150/300/200mg,Tablet - FDC,60,1268,14455.2,11.4,0.19,"Aurobindo Unit III, India",Yes,143,7445.8,28.33
10819,109-TZ-T01,Pre-PQ Process,SO-420,DN-133,Tanzania,PMO - US,From RDC,N/A - From RDC,Air,Pre-PQ Process,N/A - From RDC,31-May-07,31-May-07,31-May-07,HRDT,HIV test,SCMS from RDC,"HIV 1/2, Bioline 3.0 Kit, Lancets, Capillary pipets, Alcohol swabs included, 25 Tests","HIV 1/2, Bioline 3.0 Kit, Lancets, Capillary pipets, Alcohol swabs included",Bioline,,Test kit,25,8009,160180.0,20.0,0.8,"Standard Diagnostics, Korea",Yes,Weight Captured Separately,12740.42,
1037,123-NG-T01,Pre-PQ Process,SCMS-39640,ASN-4747,Nigeria,PMO - US,Direct Drop,CIP,Air,Pre-PQ Process,3/4/2009,30-Sep-09,30-Sep-09,30-Sep-09,ARV,Adult,BRISTOL-MYERS SQUIBB,"Didanosine EC 400mg [Videx EC], delayed-release capsules, Blister 3 x 10 Caps",Didanosine EC,Videx EC,400mg,Delayed-release capsules - blister,30,200,4734.0,23.67,0.79,"BMS Meymac, France",Yes,11,463,9.28
48755,106-HT-T30,FPQ-9636,SCMS-148370,ASN-16472,Haiti,PMO - US,Direct Drop,EXW,Ocean,5/14/2012,7/3/2012,20-Dec-12,20-Dec-12,20-Dec-12,ARV,Adult,MYLAN LABORATORIES LTD (FORMERLY MATRIX LABORATORIES),"Tenofovir Disoproxil Fumarate 300mg, tablets, 30 Tabs",Tenofovir Disoproxil Fumarate,Generic,300mg,Tablet,30,96,431.04,4.49,0.15,Mylan (formerly Matrix) Nashik,No,See ASN-16472 (ID#:20383),See ASN-16472 (ID#:20383),0.6
84982,105-GY-T30,FPQ-14042,SO-48522,DN-3945,Guyana,PMO - US,From RDC,N/A - From RDC,Air,4/9/2014,N/A - From RDC,30-Sep-14,31-Oct-14,14-Nov-14,ARV,Pediatric,SCMS from RDC,"Abacavir 20mg/ml, oral solution w/syringe, Bottle, 240 ml",Abacavir,Generic,20mg/ml,Oral solution,240,100,838.0,8.38,0.03,"Aurobindo Unit III, India",Yes,44,863.24,0.86
18708,113-ZW-T30,FPQ-13939,SCMS-240580,ASN-27034,Zimbabwe,PMO - US,Direct Drop,EXW,Air Charter,4/1/2014,5/26/2014,23-Jul-14,23-Jul-14,29-Jul-14,ARV,Adult,Aurobindo Pharma Limited,"Lamivudine/Tenofovir Disoproxil Fumarate 300/300mg, tablets, 30 Tabs",Lamivudine/Tenofovir Disoproxil Fumarate,Generic,300/300mg,Tablet - FDC,30,35955,167190.75,4.65,0.16,"Aurobindo Unit VII, IN",Yes,3520,23014.35,171.87
30320,105-SS-T30,FPQ-9807,SCMS-147640,ASN-15985,South Sudan,PMO - US,Direct Drop,EXW,Air,5/18/2012,6/20/2012,20-Sep-12,20-Sep-12,20-Sep-12,HRDT,HIV test,"Orgenics, Ltd","HIV 1/2, Determine Complete HIV Kit, 100 Tests","HIV 1/2, Determine Complete HIV Kit",Determine,,Test kit,100,695,61855.0,89.0,0.89,"Alere Medical Co., Ltd.",Yes,351,6445.68,86.72
82703,113-ZW-T30,FPQ-13508,SO-47540,DN-3825,Zimbabwe,PMO - US,From RDC,N/A - From RDC,Truck,12/24/2013,N/A - From RDC,30-Sep-14,29-Jun-14,4-Aug-14,ARV,Adult,SCMS from RDC,"Lamivudine/Tenofovir Disoproxil Fumarate 300/300mg, tablets, 30 Tabs",Lamivudine/Tenofovir Disoproxil Fumarate,Generic,300/300mg,Tablet - FDC,30,76950,356278.5,4.63,0.15,Ranbaxy per Shasun Pharma,No,See DN-3825 (ID#:82702),See DN-3825 (ID#:82702),366.25
12534,102-KE-T01,Pre-PQ Process,SO-11480,DN-994,Kenya,PMO - US,From RDC,N/A - From RDC,Truck,Pre-PQ Process,N/A - From RDC,31-Oct-08,31-Oct-08,31-Oct-08,HRDT,HIV test,SCMS from RDC,"HIV 1/2, Uni-Gold HIV Kit, 20 Tests","HIV 1/2, Uni-Gold HIV Kit",Uni-Gold,,Test kit,20,1250,40000.0,32.0,1.6,"Trinity Biotech, Plc",Yes,393,157.5,78.4
84597,104-CI-T30,FPQ-5201,SO-36380,DN-2034,Côte d'Ivoire,PMO - US,From RDC,N/A - From RDC,Air,3/3/2010,N/A - From RDC,30-Oct-10,23-Nov-10,23-Nov-10,ARV,Pediatric,SCMS from RDC,"Efavirenz 200mg, capsule, 90 Caps",Efavirenz,Generic,200mg,Capsule,90,1785,17974.95,10.07,0.11,"Aurobindo Unit III, India",Yes,168,7816.45,38.75
9640,102-GY-T01,Pre-PQ Process,SCMS-18800,ASN-1613,Guyana,PMO - US,Direct Drop,EXW,Air,Pre-PQ Process,3/13/2008,6-May-08,6-May-08,6-May-08,HRDT,HIV test,"Trinity Biotech, Plc","HIV 1/2, Uni-Gold HIV Kit, 20 Tests","HIV 1/2, Uni-Gold HIV Kit",Uni-Gold,,Test kit,20,748,23936.0,32.0,1.6,"Trinity Biotech, Plc",Yes,748,3740.04,38.3
83787,104-CI-T30,FPQ-12712,SO-46310,DN-3679,Côte d'Ivoire,PMO - US,From RDC,N/A - From RDC,Truck,7/30/2013,N/A - From RDC,15-May-14,12-May-14,30-Jun-14,ARV,Pediatric,SCMS from RDC,"Lamivudine/Nevirapine/Zidovudine 30/50/60mg, dispersible tablets, 60 Tabs",Lamivudine/Nevirapine/Zidovudine,Generic,30/50/60mg,Chewable/dispersible tablet - FDC,60,18800,70500.0,3.75,0.06,"Strides, Bangalore, India.",Yes,802,4625.27,87.21
11057,123-NG-T01,Pre-PQ Process,SO-24481,DN-1296,Nigeria,PMO - US,From RDC,N/A - From RDC,Air Charter,Pre-PQ Process,N/A - From RDC,16-Jun-09,16-Jun-09,16-Jun-09,ARV,Pediatric,SCMS from RDC,"Efavirenz 200mg, capsule, 90 Caps",Efavirenz,Generic,200mg,Capsule,90,3000,45780.0,15.26,0.17,"Aurobindo Unit III, India",No,See DN-1296 (ID#:10779),See DN-1296 (ID#:10779),89.73
83553,111-MZ-T30,FPQ-8157,SO-40370,DN-2488,Mozambique,PMO - US,From RDC,N/A - From RDC,Truck,8/4/2011,N/A - From RDC,29-Feb-12,8-Mar-12,8-Mar-12,ARV,Adult,SCMS from RDC,"Lamivudine/Zidovudine 150/300mg, tablets, 60 Tabs",Lamivudine/Zidovudine,Generic,150/300mg,Tablet - FDC,60,28168,232667.68,8.26,0.14,"Aurobindo Unit VII, IN",Yes,318,6025.73,383.9
532,116-ZA-T01,Pre-PQ Process,SCMS-23500,ASN-2293,South Africa,PMO - US,Direct Drop,DDP,Truck,Pre-PQ Process,Date Not Captured,20-Aug-08,8-May-08,8-May-08,ARV,Adult,S. BUYS WHOLESALER,"Didanosine EC 250mg [Videx EC], delayed-release capsules, Blister 3 x 10 Caps",Didanosine EC,Videx EC,250mg,Delayed-release capsules - blister,30,100,1906.0,19.06,0.64,"BMS Meymac, France",Yes,Weight Captured Separately,Freight Included in Commodity Cost,3.05
11407,104-CI-T01,Pre-PQ Process,SO-652,DN-244,Côte d'Ivoire,PMO - US,From RDC,N/A - From RDC,,Pre-PQ Process,N/A - From RDC,20-Jul-07,20-Jul-07,20-Jul-07,ARV,Adult,SCMS from RDC,"Lopinavir/Ritonavir 200/50mg [Aluvia], tablets, 120 Tabs",Lopinavir/Ritonavir,Aluvia,200/50mg,Tablet,120,1110,45621.0,41.1,0.34,ABBVIE Ludwigshafen Germany,Yes,222,1603,72.99
36464,108-VN-T30,FPQ-15692,SCMS-274390,ASN-32266,Vietnam,PMO - US,Direct Drop,EXW,Air,1/28/2015,2/17/2015,10-Jul-15,10-Jul-15,10-Jul-15,ARV,Adult,HETERO LABS LIMITED,"Efavirenz/Lamivudine/Tenofovir Disoproxil Fumarate 600/300/300mg, tablets, 30 Tabs",Efavirenz/Lamivudine/Tenofovir Disoproxil Fumarate,Generic,600/300/300mg,Tablet - FDC,30,17760,177600.0,10.0,0.33,Hetero Unit III Hyderabad IN,Yes,2523,4761.9,209.04
13897,102-KE-T30,FPQ-8446,SCMS-124900,ASN-13149,Kenya,PMO - US,Direct Drop,EXW,Air,10/5/2011,10/26/2011,17-Jan-12,17-Jan-12,17-Jan-12,HRDT,HIV test,"Orgenics, Ltd","HIV 1/2, Determine Complete HIV Kit, 100 Tests","HIV 1/2, Determine Complete HIV Kit",Determine,,Test kit,100,8298,738522.0,89.0,0.89,"Alere Medical Co., Ltd.",Yes,1427,16090.59,1218.56
69235,116-ZA-T30,FPQ-13973,SCMS-238552,ASN-27609,South Africa,PMO - US,Direct Drop,DDP,Truck,4/30/2014,8/5/2014,5-Aug-14,5-Aug-14,5-Aug-14,ARV,Adult,PHARMACY DIRECT,"Etravirine 100mg [Intelence], tablets, 120 Tabs",Etravirine,Intelence,100mg,Tablet,120,24,850.06,35.42,0.3,"Janssen-Cilag, Latina, IT",No,Weight Captured Separately,Freight Included in Commodity Cost,0.87
77546,106-HT-T30,FPQ-14083,SCMS-240190,ASN-26906,Haiti,PMO - US,Direct Drop,EXW,Ocean,5/11/2014,6/2/2014,20-Oct-14,20-Oct-14,24-Oct-14,ARV,Pediatric,Aurobindo Pharma Limited,"Lamivudine 10mg/ml, oral solution, Bottle, 240 ml",Lamivudine,Generic,10mg/ml,Oral solution,240,1650,2359.5,1.43,0.01,"Aurobindo Unit III, India",No,See ASN-26906 (ID#:33218),See ASN-26906 (ID#:33218),2.43
38099,106-HT-T30,FPQ-14083,SCMS-240160,ASN-27525,Haiti,PMO - US,Direct Drop,EXW,Ocean,5/11/2014,6/2/2014,30-Oct-14,30-Oct-14,12-Nov-14,ARV,Adult,HETERO LABS LIMITED,"Lamivudine/Tenofovir Disoproxil Fumarate 300/300mg, tablets, 30 Tabs",Lamivudine/Tenofovir Disoproxil Fumarate,Generic,300/300mg,Tablet - FDC,30,33936,156784.32,4.62,0.15,Hetero Unit III Hyderabad IN,Yes,14925,22100.46,161.17
985,109-TZ-T01,Pre-PQ Process,SCMS-38370,ASN-3751,Tanzania,PMO - US,Direct Drop,FCA,Air,Pre-PQ Process,2/5/2009,28-May-09,28-May-09,28-May-09,ARV,Pediatric,ABBVIE LOGISTICS (FORMERLY ABBOTT LOGISTICS BV),"Lopinavir/Ritonavir 80/20mg/ml [Kaletra], oral solution, cool, Bottle 5 x 60 ml",Lopinavir/Ritonavir,Kaletra,80/20mg/ml,Oral solution,300,524,21536.4,41.1,0.14,ABBVIE (Abbott) Logis. UK,Yes,644,6668.61,42.21
64553,107-RW-T30,FPQ-12791,SCMS-205920,ASN-22849,Rwanda,PMO - US,Direct Drop,EXW,Air,8/9/2013,9/19/2013,13-Dec-13,13-Dec-13,17-Dec-13,ARV,Adult,Aurobindo Pharma Limited,"Abacavir/Lamivudine 600/300mg, tablets, 30 Tabs",Abacavir/Lamivudine,Generic,600/300mg,Tablet - FDC,30,14000,203000.0,14.5,0.48,"Aurobindo Unit III, India",Yes,1428,9061.84,251.11
9939,119-NA-T01,Pre-PQ Process,SCMS-28850,ASN-2513,Namibia,PMO - US,Direct Drop,EXW,Air,Pre-PQ Process,8/26/2008,25-Sep-08,25-Sep-08,25-Sep-08,HRDT,HIV test,"Orgenics, Ltd","HIV 1/2, Determine HIV Kit, without Lancets, 100 Tests","HIV 1/2, Determine HIV Kit, without Lancets",Determine,,Test kit,100,2,140.0,70.0,0.7,Inverness Japan,No,See ASN-2513 (ID#:3360),See ASN-2513 (ID#:3360),0.22
11312,127-KE-T01,Pre-PQ Process,SO-29010,DN-1193,Kenya,PMO - US,From RDC,N/A - From RDC,Truck,Pre-PQ Process,N/A - From RDC,23-Apr-09,23-Apr-09,23-Apr-09,ARV,Pediatric,SCMS from RDC,"Efavirenz 30mg/ml [Stocrin/Sustiva], oral solution, Bottle, 180 ml",Efavirenz,Stocrin/Sustiva,30mg/ml,Oral solution,180,3930,39.3,0.01,0.0,"MSD, Haarlem, NL",Yes,Weight Captured Separately,Invoiced Separately,0.08
9255,108-VN-T01,Pre-PQ Process,SCMS-77,ASN-56,Vietnam,PMO - US,Direct Drop,EXW,Air,Pre-PQ Process,Date Not Captured,3-Oct-06,3-Oct-06,3-Oct-06,ARV,Adult,Aurobindo Pharma Limited,"Abacavir 300mg, tablets, 60 Tabs",Abacavir,Generic,300mg,Tablet,60,1000,44500.0,44.5,0.74,"Aurobindo Unit III, India",Yes,91,7878.06,
14433,116-ZA-T30,FPQ-4770,SCMS-60170,ASN-5933,South Africa,PMO - US,Direct Drop,DDP,Truck,12/17/2009,12/23/2009,29-Dec-09,29-Dec-09,29-Dec-09,ARV,Adult,S. BUYS WHOLESALER,"Emtricitabine/Tenofovir Disoproxil Fumarate 200/300mg [Truvada], tablets, 30 Tabs",Emtricitabine/Tenofovir Disoproxil Fumarate,Truvada,300/200mg,Tablet - FDC,30,100,4669.76,46.7,1.56,"Aspen-OSD, Port Elizabeth, SA",Yes,Weight Captured Separately,Freight Included in Commodity Cost,10.07
84107,106-HT-T30,FPQ-6801,SO-38214,DN-2331,Haiti,PMO - US,From RDC,N/A - From RDC,Air,12/14/2010,N/A - From RDC,31-Aug-11,24-Aug-11,24-Aug-11,ARV,Adult,SCMS from RDC,"Efavirenz 600mg, tablets, 30 Tabs",Efavirenz,Generic,600mg,Tablet,30,27975,126447.0,4.52,0.15,"Strides, Bangalore, India.",Yes,1704,16881.16,208.64
65291,117-ET-T30,FPQ-9098,SCMS-133530,ASN-15834,Ethiopia,PMO - US,Direct Drop,EXW,Air,1/10/2012,1/23/2012,28-Aug-12,28-Aug-12,28-Aug-12,HRDT,HIV test,"Trinity Biotech, Plc","HIV 1/2, Uni-Gold HIV Kit, 20 Tests","HIV 1/2, Uni-Gold HIV Kit",Uni-Gold,,Test kit,20,167,5344.0,32.0,1.6,"Trinity Biotech, Plc",Yes,60,911.32,7.49
84197,104-CI-T30,FPQ-10626,SO-43280,DN-2895,Côte d'Ivoire,PMO - US,From RDC,N/A - From RDC,Truck,9/6/2012,N/A - From RDC,14-Dec-12,24-Oct-12,24-Oct-12,ARV,Pediatric,SCMS from RDC,"Zidovudine 10mg/ml, oral solution w/syringe, Bottle, 240 ml",Zidovudine,Generic,10mg/ml,Oral solution,240,5000,10500.0,2.1,0.01,"Aurobindo Unit III, India",No,See DN-2895 (ID#:82524),See DN-2895 (ID#:82524),14.72
83882,110-ZM-T30,FPQ-14784,SO-49630,DN-4111,Zambia,PMO - US,From RDC,N/A - From RDC,Truck,8/12/2014,N/A - From RDC,31-Mar-15,19-Feb-15,20-Feb-15,ARV,Adult,SCMS from RDC,"Efavirenz 600mg, tablets, 30 Tabs",Efavirenz,Generic,600mg,Tablet,30,41416,132945.36,3.21,0.11,"Strides, Bangalore, India.",Yes,7521,8265.26,136.67
36507,108-VN-T30,FPQ-6384,SCMS-87770,ASN-9407,Vietnam,PMO - US,Direct Drop,EXW,Air,9/30/2010,10/18/2010,9-Feb-11,9-Feb-11,9-Feb-11,ARV,Adult,HETERO LABS LIMITED,"Zidovudine 300mg, tablets, 60 Tabs",Zidovudine,Generic,300mg,Tablet,60,504,3502.8,6.95,0.12,Hetero Unit III Hyderabad IN,No,See ASN-9407 (ID#:17697),See ASN-9407 (ID#:17697),7.55
55522,161-ZA-T30,FPQ-6708,SCMS-93500,ASN-9847,South Africa,PMO - US,Direct Drop,DDP,Ocean,11/26/2010,12/14/2010,4-Apr-11,4-Apr-11,4-Apr-11,ARV,Pediatric,Aurobindo Pharma Limited,"Nevirapine 10mg/ml, oral suspension w/syringe, Bottle, 240 ml",Nevirapine,Generic,10mg/ml,Oral suspension,240,27910,59169.2,2.12,0.01,"Aurobindo Unit III, India",Yes,10346,3961.7,97.63
85782,114-UG-T30,FPQ-7162,SO-38802,DN-2315,Uganda,PMO - US,From RDC,N/A - From RDC,Truck,2/14/2011,N/A - From RDC,5-Aug-11,24-Aug-11,24-Aug-11,ARV,Adult,SCMS from RDC,"Lamivudine/Zidovudine 150/300mg, tablets, 60 Tabs",Lamivudine/Zidovudine,Generic,150/300mg,Tablet - FDC,60,32000,264320.0,8.26,0.14,"Aurobindo Unit III, India",Yes,3026,14406.99,436.13
10785,111-MZ-T01,Pre-PQ Process,SO-32540,DN-1358,Mozambique,PMO - US,From RDC,N/A - From RDC,Truck,Date Not Captured,N/A - From RDC,27-Aug-09,27-Aug-09,27-Aug-09,ARV,Adult,SCMS from RDC,"Lamivudine/Nevirapine/Stavudine 150/200/30mg, tablets, 60 Tabs",Lamivudine/Nevirapine/Stavudine,Generic,150/200/30mg,Tablet - FDC,60,125000,890000.0,7.12,0.12,"Strides, Bangalore, India.",Yes,9290,2400.26,1744.4
83774,105-GY-T30,FPQ-13071,SO-46800,DN-3585,Guyana,PMO - US,From RDC,N/A - From RDC,Air,10/9/2013,N/A - From RDC,31-Mar-14,3-Apr-14,6-Jun-14,ARV,Adult,SCMS from RDC,"Lamivudine 150mg, tablets, 60 Tabs",Lamivudine,Generic,150mg,Tablet,60,188,374.12,1.99,0.03,"Aurobindo Unit III, India",No,See DN-3585 (ID#:83223),See DN-3585 (ID#:83223),0.38
38613,105-SS-T30,FPQ-14470,SCMS-245230,ASN-27241,South Sudan,PMO - US,Direct Drop,EXW,Air,6/17/2014,7/1/2014,29-Sep-14,29-Sep-14,30-Sep-14,HRDT,HIV test,"Trinity Biotech, Plc","HIV 1/2, Uni-Gold HIV Kit, 20 Tests","HIV 1/2, Uni-Gold HIV Kit",Uni-Gold,,Test kit,20,35,1120.0,32.0,1.6,"Trinity Biotech, Plc",No,See ASN-27241 (ID#:23488),See ASN-27241 (ID#:23488),1.15
85369,151-NG-T30,FPQ-11022,SO-43850,DN-3199,Nigeria,PMO - US,From RDC,N/A - From RDC,Air Charter,11/15/2012,N/A - From RDC,4-Jun-13,29-May-13,29-May-13,ARV,Adult,SCMS from RDC,"Efavirenz 600mg, tablets, 30 Tabs",Efavirenz,Generic,600mg,Tablet,30,1428,4755.24,3.33,0.11,"Aurobindo Unit VII, IN",No,See DN-3199 (ID#:84270),See DN-3199 (ID#:84270),5.88
8315,106-HT-T01,Pre-PQ Process,SCMS-18270,ASN-1463,Haiti,PMO - US,Direct Drop,EXW,Air,Pre-PQ Process,2/27/2008,29-Mar-08,29-Mar-08,29-Mar-08,HRDT,HIV test,Orasure Technologies Inc.,"HIV 1/2, OraQuick Advance HIV Rapid Antibody Kit, 100 Tests","HIV 1/2, OraQuick Advance HIV Rapid Antibody Kit",OraQuick,,Test kit,100,30,10500.0,350.0,3.5,"Pacific Biotech, Thailand",Yes,72,2556.61,16.8
48655,116-ZA-T30,FPQ-12522,SCMS-199283,ASN-27978,South Africa,PMO - US,Direct Drop,DDP,Truck,7/11/2013,8/27/2014,27-Aug-14,27-Aug-14,27-Aug-14,ARV,Pediatric,S. BUYS WHOLESALER,"Efavirenz 50mg, capsule, 30 Caps",Efavirenz,Generic,50mg,Capsule,30,20,66.33,3.32,0.11,"Aurobindo Unit III, India",No,Weight Captured Separately,Freight Included in Commodity Cost,0.08
84271,151-NG-T30,FPQ-11022,SO-43840,DN-3197,Nigeria,PMO - US,From RDC,N/A - From RDC,Air Charter,11/15/2012,N/A - From RDC,31-May-13,28-May-13,28-May-13,ARV,Adult,SCMS from RDC,"Lopinavir/Ritonavir 200/50mg, tablets, 120 Tabs",Lopinavir/Ritonavir,Generic,200/50mg,Tablet,120,7014,152764.92,21.78,0.18,"Aurobindo Unit III, India",Yes,7733,20761,188.97
85887,151-NG-T30,FPQ-9432,SO-42933,DN-2794,Nigeria,PMO - US,From RDC,N/A - From RDC,Air Charter,3/1/2012,N/A - From RDC,20-Aug-12,14-Aug-12,14-Aug-12,ARV,Adult,SCMS from RDC,"Lopinavir/Ritonavir 200/50mg, tablets, 120 Tabs",Lopinavir/Ritonavir,Generic,200/50mg,Tablet,120,17497,512837.07,29.31,0.24,"Aurobindo Unit III, India",Yes,4898,18461.22,719.0
50613,108-VN-T30,FPQ-4265,SCMS-56300,ASN-6250,Vietnam,PMO - US,Direct Drop,EXW,Air,10/20/2009,11/3/2009,20-Mar-10,20-Mar-10,20-Mar-10,ARV,Adult,MYLAN LABORATORIES LTD (FORMERLY MATRIX LABORATORIES),"Tenofovir Disoproxil Fumarate 300mg, tablets, 30 Tabs",Tenofovir Disoproxil Fumarate,Generic,300mg,Tablet,30,1680,12600.0,7.5,0.25,Mylan (formerly Matrix) Nashik,No,See ASN-6250 (ID#:17228),See ASN-6250 (ID#:17228),24.7
79879,104-CI-T30,FPQ-13602,SCMS-228050,ASN-26518,Côte d'Ivoire,PMO - US,Direct Drop,EXW,Air,1/22/2014,2/26/2014,24-Jun-14,24-Jun-14,25-Jun-14,HRDT,HIV test,"Orgenics, Ltd","HIV 1/2, Determine Complete HIV Kit, 100 Tests","HIV 1/2, Determine Complete HIV Kit",Determine,,Test kit,100,1500,120000.0,80.0,0.8,"Alere Medical Co., Ltd.",Yes,606,8158.8,123.36
11435,104-CI-T01,Pre-PQ Process,SO-959,DN-320,Côte d'Ivoire,PMO - US,From RDC,N/A - From RDC,,Pre-PQ Process,N/A - From RDC,30-Aug-07,30-Aug-07,30-Aug-07,ARV,Adult,SCMS from RDC,"Indinavir 400mg [Crixivan], capsules, 180 Caps",Indinavir,Crixivan,400mg,Capsule,180,7839,391950.0,50.0,0.28,MSD Elkton USA,No,See DN-320 (ID#:10593),See DN-320 (ID#:10593),627.12
85105,151-NG-T30,FPQ-4537,SO-34915,DN-1781,Nigeria,PMO - US,From RDC,N/A - From RDC,Air Charter,11/6/2009,N/A - From RDC,31-May-10,18-May-10,18-May-10,ARV,Adult,SCMS from RDC,"Efavirenz 600mg, tablets, 30 Tabs",Efavirenz,Generic,600mg,Tablet,30,188,893.0,4.75,0.16,"Aurobindo Unit III, India",Yes,17,9736.1,1.93
4331,129-KG-T01,Pre-PQ Process,SCMS-19110,ASN-1801,Kyrgyzstan,PMO - US,Direct Drop,DDP,Air,Pre-PQ Process,3/18/2008,14-Jun-08,14-Jun-08,14-Jun-08,HRDT,HIV test,"Orgenics, Ltd","HIV 1/2, DoubleCheck II Kit, 40 Tests","HIV 1/2, DoubleCheck II Kit",DoubleCheck,,Test kit,40,500,39500.0,79.0,1.98,Not Applicable,Yes,Weight Captured Separately,Freight Included in Commodity Cost,63.2
10741,109-TZ-T01,Pre-PQ Process,SO-2562,DN-849,Tanzania,PMO - US,From RDC,N/A - From RDC,Truck,Pre-PQ Process,N/A - From RDC,22-Aug-08,22-Aug-08,22-Aug-08,ARV,Adult,SCMS from RDC,"Lamivudine/Zidovudine 150/300mg, tablets, 60 Tabs",Lamivudine/Zidovudine,Generic,150/300mg,Tablet - FDC,60,46163,436240.35,9.45,0.16,"Aurobindo Unit III, India",Yes,4237,3482.59,697.98
84140,111-MZ-T30,FPQ-8157,SO-40360,DN-2518,Mozambique,PMO - US,From RDC,N/A - From RDC,Truck,8/4/2011,N/A - From RDC,30-Mar-12,8-Mar-12,8-Mar-12,ARV,Adult,SCMS from RDC,"Lamivudine/Nevirapine/Zidovudine 150/200/300mg, tablets, 60 Tabs",Lamivudine/Nevirapine/Zidovudine,Generic,150/300/200mg,Tablet - FDC,60,100000,1122000.0,11.22,0.19,"Aurobindo Unit VII, IN",No,See DN-2518 (ID#:83009),See DN-2518 (ID#:83009),1851.3
84618,106-HT-T30,FPQ-6484,SO-38120,DN-2113,Haiti,PMO - US,From RDC,N/A - From RDC,Air,10/13/2010,N/A - From RDC,28-Feb-11,14-Feb-11,14-Feb-11,ARV,Adult,SCMS from RDC,"Lamivudine 150mg, tablets, 60 Tabs",Lamivudine,Generic,150mg,Tablet,60,5980,13933.4,2.33,0.04,"Aurobindo Unit III, India",No,See DN-2113 (ID#:82937),See DN-2113 (ID#:82937),30.04
10696,109-TZ-T01,Pre-PQ Process,SO-2704,DN-799,Tanzania,PMO - US,From RDC,N/A - From RDC,Air,Pre-PQ Process,N/A - From RDC,9-Jul-08,9-Jul-08,9-Jul-08,ARV,Adult,SCMS from RDC,"Abacavir 300mg, tablets, 60 Tabs",Abacavir,Generic,300mg,Tablet,60,5730,157746.9,27.53,0.46,"Aurobindo Unit III, India",Yes,569,886.35,252.4
85700,104-CI-T30,FPQ-5201,SO-36311,DN-1982,Côte d'Ivoire,PMO - US,From RDC,N/A - From RDC,Air,3/3/2010,N/A - From RDC,23-Aug-10,23-Aug-10,23-Aug-10,ARV,Adult,SCMS from RDC,"Abacavir/Lamivudine 600/300mg, scored tablets, 30 Tabs",Abacavir/Lamivudine,Generic,600/300mg,Tablet - FDC,30,1500,33750.0,22.5,0.75,Mylan (formerly Matrix) Nashik,No,See DN-1982 (ID#:82910),See DN-1982 (ID#:82910),72.76
9022,116-ZA-T01,Pre-PQ Process,SCMS-40800,ASN-3577,South Africa,PMO - US,Direct Drop,DDP,Air,Pre-PQ Process,Date Not Captured,24-Mar-09,1-Dec-08,1-Dec-08,ARV,Pediatric,S. BUYS WHOLESALER,"Lopinavir/Ritonavir 80/20mg/ml [Kaletra], oral solution, cool, Bottle 5 x 60 ml",Lopinavir/Ritonavir,Kaletra,80/20mg/ml,Oral solution,300,90,2834.1,31.49,0.1,ABBVIE (Abbott) Logis. UK,Yes,Weight Captured Separately,Freight Included in Commodity Cost,5.55
5815,106-HT-T01,Pre-PQ Process,SCMS-23800,ASN-2257,Haiti,PMO - US,Direct Drop,EXW,Air,Pre-PQ Process,5/20/2008,22-Aug-08,22-Aug-08,22-Aug-08,HRDT,HIV test,"Trinity Biotech, Plc","HIV 1/2, Capillus HIV Kit, 100 Tests","HIV 1/2, Capillus HIV Kit",Capillus,,Test kit,100,121,16819.0,139.0,1.39,"Trinity Biotech, Plc",Yes,100,1372.85,26.91
20371,108-VN-T30,FPQ-9577,SCMS-145530,ASN-16123,Vietnam,PMO - US,Direct Drop,EXW,Air,4/11/2012,6/12/2012,9-Oct-12,9-Oct-12,9-Oct-12,ARV,Pediatric,MYLAN LABORATORIES LTD (FORMERLY MATRIX LABORATORIES),"Lamivudine/Nevirapine/Zidovudine 30/50/60mg, dispersible tablets, 60 Tabs",Lamivudine/Nevirapine/Zidovudine,Generic,30/50/60mg,Chewable/dispersible tablet - FDC,60,1302,5403.3,4.15,0.07,Mylan (formerly Matrix) Nashik,Yes,4587,11252.53,7.58
8603,108-VN-T01,Pre-PQ Process,SCMS-27300,ASN-2855,Vietnam,PMO - US,Direct Drop,FCA,Air,Pre-PQ Process,7/24/2008,3-Dec-08,3-Dec-08,3-Dec-08,ARV,Adult,ABBVIE LOGISTICS (FORMERLY ABBOTT LOGISTICS BV),"Lopinavir/Ritonavir 200/50mg [Aluvia], tablets, 120 Tabs",Lopinavir/Ritonavir,Aluvia,200/50mg,Tablet,120,1080,88776.0,82.2,0.68,ABBVIE Ludwigshafen Germany,Yes,259,2985.93,174.0
12877,123-NG-T01,Pre-PQ Process,SO-22831,DN-1172,Nigeria,PMO - US,From RDC,N/A - From RDC,Air,Pre-PQ Process,N/A - From RDC,30-Apr-09,30-Apr-09,30-Apr-09,ARV,Adult,SCMS from RDC,"Nevirapine 200mg, tablets, 60 Tabs",Nevirapine,Generic,200mg,Tablet,60,248,793.6,3.2,0.05,"Aurobindo Unit III, India",Yes,24,1547.94,1.56
78387,114-UG-T30,FPQ-5837,SCMS-80710,ASN-7974,Uganda,PMO - US,Direct Drop,DDU,Air,6/25/2010,8/11/2010,1-Sep-10,1-Sep-10,1-Sep-10,ARV,Adult,ASPEN PHARMACARE,"Etravirine 100mg [Intelence], tablets, 120 Tabs",Etravirine,Intelence,100mg,Tablet,120,50,4199.01,83.98,0.7,"Janssen-Cilag, Latina, IT",Yes,10,435,9.05
83636,114-UG-T30,FPQ-10780,SO-43480,DN-2927,Uganda,PMO - US,From RDC,N/A - From RDC,Air,10/10/2012,N/A - From RDC,3-Jan-13,28-Nov-12,28-Nov-12,ARV,Adult,SCMS from RDC,"Efavirenz 600mg, tablets, 30 Tabs",Efavirenz,Generic,600mg,Tablet,30,4938,17974.32,3.64,0.12,"Aurobindo Unit III, India",Yes,430,2154,25.2
71965,113-ZW-T30,FPQ-7521,SCMS-108000,ASN-12245,Zimbabwe,PMO - US,Direct Drop,EXW,Air,4/7/2011,5/5/2011,19-Oct-11,18-Oct-11,18-Oct-11,HRDT,HIV test,"Orgenics, Ltd","HIV 1/2, Determine Complete HIV Kit, 100 Tests","HIV 1/2, Determine Complete HIV Kit",Determine,,Test kit,100,1145,91600.0,80.0,0.8,Inverness Japan,Yes,647,13312.88,151.14
11988,106-HT-T01,Pre-PQ Process,SO-24851,DN-1283,Haiti,PMO - US,From RDC,N/A - From RDC,Air,Pre-PQ Process,N/A - From RDC,25-Jun-09,25-Jun-09,25-Jun-09,ARV,Adult,SCMS from RDC,"Nevirapine 200mg, tablets, 60 Tabs",Nevirapine,Generic,200mg,Tablet,60,18750,56250.0,3.0,0.05,Hetero Unit III Hyderabad IN,Yes,111,12448.02,110.25
25824,111-MZ-T30,FPQ-8116,SCMS-118370,ASN-12475,Mozambique,PMO - US,Direct Drop,EXW,Air,8/4/2011,8/30/2011,22-Nov-11,22-Nov-11,22-Nov-11,HRDT,HIV test,"Orgenics, Ltd","HIV 1/2, Determine HIV Kit, without Lancets, 100 Tests","HIV 1/2, Determine HIV Kit, without Lancets",Determine,,Test kit,100,7409,575679.3,77.7,0.78,Inverness Japan,Yes,1275,15873.44,949.87
14286,104-CI-T30,FPQ-12134,SCMS-190721,ASN-22462,Côte d'Ivoire,PMO - US,Direct Drop,EXW,Air,4/23/2013,5/21/2013,27-Nov-13,27-Nov-13,2-Dec-13,HRDT,HIV test,"CHEMBIO DIAGNOSTIC SYSTEMS, INC.","HIV 1/2, Stat-Pak HIV, Kit, 20 Tests","HIV 1/2, Stat-Pak HIV, Kit",Stat-Pak,,Test kit,20,1900,55100.0,29.0,1.45,Chembio Diagnostics Sys. Inc.,Yes,550,8263.16,68.16
12905,104-CI-T01,Pre-PQ Process,SO-32220,DN-1390,Côte d'Ivoire,PMO - US,From RDC,N/A - From RDC,Air,Date Not Captured,N/A - From RDC,21-Aug-09,21-Aug-09,21-Aug-09,ARV,Adult,SCMS from RDC,"Lamivudine/Nevirapine/Zidovudine 150/200/300mg, tablets, 60 Tabs",Lamivudine/Nevirapine/Zidovudine,Generic,150/300/200mg,Tablet - FDC,60,18180,206343.0,11.35,0.19,"Aurobindo Unit III, India",Yes,2047,6739.08,404.43
11994,110-ZM-T01,Pre-PQ Process,SO-17641,DN-1326,Zambia,PMO - US,From RDC,N/A - From RDC,Truck,Date Not Captured,N/A - From RDC,4-Sep-09,4-Sep-09,4-Sep-09,ARV,Adult,SCMS from RDC,"Efavirenz 600mg, tablets, 30 Tabs",Efavirenz,Generic,600mg,Tablet,30,12740,140140.0,11.0,0.37,Hetero Unit III Hyderabad IN,Yes,987,2448.71,274.67
82881,151-NG-T30,FPQ-4537,SO-36001,DN-1785,Nigeria,PMO - US,From RDC,N/A - From RDC,Air Charter,11/6/2009,N/A - From RDC,31-May-10,18-May-10,18-May-10,ARV,Adult,SCMS from RDC,"Efavirenz 600mg, tablets, 30 Tabs",Efavirenz,Generic,600mg,Tablet,30,14600,69350.0,4.75,0.16,"Aurobindo Unit III, India",Yes,1288,9736.1,149.52
86162,114-UG-T30,FPQ-15294,SO-50090,DN-4102,Uganda,PMO - US,From RDC,N/A - From RDC,Truck,11/3/2014,N/A - From RDC,27-Feb-15,24-Feb-15,24-Feb-15,ARV,Adult,SCMS from RDC,"Abacavir/Lamivudine 600/300mg, tablets, 30 Tabs",Abacavir/Lamivudine,Generic,600/300mg,Tablet - FDC,30,10300,139256.0,13.52,0.45,Mylan (formerly Matrix) Nashik,No,See DN-4102 (ID#:83880),See DN-4102 (ID#:83880),163.9
11969,111-MZ-T01,Pre-PQ Process,SO-30440,DN-1231,Mozambique,PMO - US,From RDC,N/A - From RDC,Truck,Pre-PQ Process,N/A - From RDC,28-Jun-09,28-Jun-09,28-Jun-09,ARV,Adult,SCMS from RDC,"Stavudine 30mg, capsules, 60 Caps",Stavudine,Generic,30mg,Capsule,60,630,938.7,1.49,0.02,"Strides, Bangalore, India.",No,See DN-1231 (ID#:11044),See DN-1231 (ID#:11044),1.84
40364,161-ZA-T30,FPQ-5648,SCMS-75660,ASN-8693,South Africa,PMO - US,Direct Drop,DDP,Ocean,6/2/2010,6/17/2010,12-Oct-10,15-Dec-10,15-Dec-10,ARV,Adult,Aurobindo Pharma Limited,"Efavirenz 600mg, tablets, 30 Tabs",Efavirenz,Generic,600mg,Tablet,30,52516,236847.16,4.51,0.15,"Aurobindo Unit III, India",Yes,Weight Captured Separately,Freight Included in Commodity Cost,510.64
83390,106-HT-T30,FPQ-4384,SO-34720,DN-1590,Haiti,PMO - US,From RDC,N/A - From RDC,Air Charter,10/23/2009,N/A - From RDC,25-Dec-09,17-Dec-09,17-Dec-09,ARV,Adult,SCMS from RDC,"Indinavir 400mg [Crixivan], capsules, 180 Caps",Indinavir,Crixivan,400mg,Capsule,180,32,1600.0,50.0,0.28,"MSD, Haarlem, NL",No,See DN-1590 (ID#:83388),See DN-1590 (ID#:83388),3.45
86559,102-BI-T30,FPQ-11661,SO-44650,DN-3088,Burundi,PMO - US,From RDC,N/A - From RDC,Air,2/20/2013,N/A - From RDC,2-May-13,29-Mar-13,29-Mar-13,ARV,Pediatric,SCMS from RDC,"Nevirapine 10mg/ml, oral suspension w/syringe, Bottle, 240 ml",Nevirapine,Generic,10mg/ml,Oral suspension,240,564,1099.8,1.95,0.01,"Aurobindo Unit III, India",Yes,210,1551.32,1.36
82273,104-CI-T30,FPQ-4187,SO-33520,DN-1474,Côte d'Ivoire,PMO - US,From RDC,N/A - From RDC,Air,9/9/2009,N/A - From RDC,23-Oct-09,23-Oct-09,23-Oct-09,ARV,Adult,SCMS from RDC,"Nevirapine 200mg, tablets, 60 Tabs",Nevirapine,Generic,200mg,Tablet,60,2600,7540.0,2.9,0.05,Hetero Unit III Hyderabad IN,Yes,373,4266.24,14.78
44783,104-CI-T30,FPQ-7192,SCMS-104290,ASN-11160,Côte d'Ivoire,PMO - US,Direct Drop,EXW,Air,2/17/2011,4/18/2011,30-Jun-11,30-Jun-11,30-Jun-11,HRDT,HIV test,"Standard Diagnostics, Inc.","HIV 1/2, Bioline 3.0 Kit, (no accessories), 30 Tests","HIV 1/2, Bioline 3.0 Kit (no accessories)",Bioline,,Test kit,30,2418,58032.0,24.0,0.8,"Standard Diagnostics, Korea",Yes,859,7894.76,95.75
11703,100-CI-T01,Pre-PQ Process,SO-283,DN-16,Côte d'Ivoire,PMO - US,From RDC,N/A - From RDC,,Pre-PQ Process,N/A - From RDC,22-Feb-07,22-Feb-07,22-Feb-07,ARV,Adult,SCMS from RDC,"Tenofovir Disoproxil Fumarate 300mg [Viread], tablets, 30 Tabs",Tenofovir Disoproxil Fumarate,Viread,300mg,Tablet,30,384,6528.0,17.0,0.57,Gilead(Nycomed) Oranienburg DE,No,See DN-16 (ID#:10540),See DN-16 (ID#:10540),
61614,161-ZA-T30,FPQ-7175,SCMS-103440,ASN-11677,South Africa,PMO - US,Direct Drop,DDP,Ocean,3/10/2011,3/24/2011,4-Oct-11,11-Oct-11,11-Oct-11,ARV,Adult,Aurobindo Pharma Limited,"Efavirenz 600mg, tablets, 30 Tabs",Efavirenz,Generic,600mg,Tablet,30,58489,263785.39,4.51,0.15,"Aurobindo Unit III, India",Yes,4972,14439.19,435.25
85854,102-DO-T30,FPQ-9676,SO-41880,DN-2638,Dominican Republic,PMO - US,From RDC,N/A - From RDC,Air,4/9/2012,N/A - From RDC,21-May-12,4-May-12,4-May-12,ARV,Adult,SCMS from RDC,"Lamivudine/Tenofovir Disoproxil Fumarate 300/300mg, tablets, 30 Tabs",Lamivudine/Tenofovir Disoproxil Fumarate,Generic,300/300mg,Tablet - FDC,30,6263,34697.02,5.54,0.18,Mylan (formerly Matrix) Nashik,No,See DN-2638 (ID#:85257),See DN-2638 (ID#:85257),48.65
1179,108-VN-T01,Pre-PQ Process,SCMS-44990,ASN-4302,Vietnam,PMO - US,Direct Drop,FCA,Air,Pre-PQ Process,4/29/2009,17-Jul-09,17-Jul-09,17-Jul-09,ARV,Adult,ABBVIE LOGISTICS (FORMERLY ABBOTT LOGISTICS BV),"Ritonavir 100mg [Norvir], capsules, cool, 4 x 84 Caps",Ritonavir,Norvir,100mg,Capsule,336,8,613.76,76.72,0.23,ABBVIE (Abbott) France,Yes,48,3366.04,1.2
55737,109-TZ-T30,FPQ-5900,SCMS-76980,ASN-7443,Tanzania,PMO - US,Direct Drop,EXW,Air,6/21/2010,6/24/2010,7-Aug-10,7-Aug-10,7-Aug-10,ARV,Adult,Aurobindo Pharma Limited,"Nevirapine 200mg, tablets, 60 Tabs",Nevirapine,Generic,200mg,Tablet,60,28755,74763.0,2.6,0.04,"Aurobindo Unit III, India",Yes,3392,20294.85,161.19
53338,161-ZA-T30,FPQ-6262,SCMS-83830,ASN-8795,South Africa,PMO - US,Direct Drop,DDP,Ocean,8/31/2010,9/24/2010,8-Dec-10,8-Dec-10,8-Dec-10,ARV,Adult,Aurobindo Pharma Limited,"Zidovudine 300mg, tablets, 60 Tabs",Zidovudine,Generic,300mg,Tablet,60,77143,565458.19,7.33,0.12,"Aurobindo Unit III, India",Yes,3894,3161.68,1219.13
62988,116-ZA-T30,FPQ-13973,SCMS-238550,ASN-30792,South Africa,PMO - US,Direct Drop,DDP,Truck,4/30/2014,5/8/2014,19-Feb-15,19-Feb-15,19-Feb-15,ARV,Adult,PHARMACY DIRECT,"Etravirine 100mg [Intelence], tablets, 120 Tabs",Etravirine,Intelence,100mg,Tablet,120,3,106.26,35.42,0.3,"Janssen-Cilag, Latina, IT",No,Weight Captured Separately,Freight Included in Commodity Cost,0.11
84779,114-UG-T30,FPQ-10556,SO-43160,DN-2952,Uganda,PMO - US,From RDC,N/A - From RDC,Air,8/30/2012,N/A - From RDC,2-Feb-13,2-Feb-13,2-Feb-13,ARV,Adult,SCMS from RDC,"Lamivudine/Zidovudine 150/300mg, tablets, 60 Tabs",Lamivudine/Zidovudine,Generic,150/300mg,Tablet - FDC,60,1485,11464.2,7.72,0.13,Mylan (formerly Matrix) Nashik,No,See DN-2952 (ID#:82537),See DN-2952 (ID#:82537),16.07
2571,119-NA-T01,Pre-PQ Process,SCMS-45620,ASN-4511,Namibia,PMO - US,Direct Drop,EXW,Air,Pre-PQ Process,5/8/2009,18-Aug-09,18-Aug-09,18-Aug-09,ARV,Pediatric,CIPLA LIMITED,"Lamivudine/Stavudine 30/6mg, dispersible tablets, 60 Tabs",Lamivudine/Stavudine,Generic,30/6mg,Chewable/dispersible tablet - FDC,60,2000,3800.0,1.9,0.03,"Cipla, Goa, India",Yes,251,1484.75,7.45
68820,107-RW-T30,FPQ-6186,SCMS-83340,ASN-9217,Rwanda,PMO - US,Direct Drop,CIP,Air,8/13/2010,9/28/2010,12-Dec-10,12-Dec-10,12-Dec-10,ARV,Adult,MYLAN LABORATORIES LTD (FORMERLY MATRIX LABORATORIES),"Efavirenz/Lamivudine/Tenofovir Disoproxil Fumarate 600/300/300mg, tablets, 30 Tabs",Efavirenz/Lamivudine/Tenofovir Disoproxil Fumarate,Generic,600/300/300mg,Tablet - FDC,30,22347,390625.56,17.48,0.58,Mylan (formerly Matrix) Nashik,Yes,Weight Captured Separately,Freight Included in Commodity Cost,842.19
83213,101-CD-T30,FPQ-13554,SO-47630,DN-3561,"Congo, DRC",PMO - US,From RDC,N/A - From RDC,Air,1/15/2014,N/A - From RDC,30-May-14,19-May-14,26-Jun-14,ARV,Adult,SCMS from RDC,"Tenofovir Disoproxil Fumarate 300mg, tablets, 30 Tabs",Tenofovir Disoproxil Fumarate,Generic,300mg,Tablet,30,1240,5009.6,4.04,0.13,Mylan (formerly Matrix) Nashik,No,See DN-3561 (ID#:82654),See DN-3561 (ID#:82654),5.15
83591,111-MZ-T30,FPQ-9506,SO-41760,DN-2663,Mozambique,PMO - US,From RDC,N/A - From RDC,Truck,3/16/2012,N/A - From RDC,3-Jul-12,28-Jun-12,28-Jun-12,ARV,Adult,SCMS from RDC,"Lamivudine/Nevirapine/Zidovudine 150/200/300mg, tablets, 60 Tabs",Lamivudine/Nevirapine/Zidovudine,Generic,150/300/200mg,Tablet - FDC,60,200000,2058000.0,10.29,0.17,Mylan (formerly Matrix) Nashik,No,See DN-2663 (ID#:82478),See DN-2663 (ID#:82478),2885.32
83730,151-NG-T30,FPQ-12248,SO-45661,DN-3368,Nigeria,PMO - US,From RDC,N/A - From RDC,Air Charter,5/6/2013,N/A - From RDC,18-Nov-13,14-Oct-13,24-Oct-13,ARV,Adult,SCMS from RDC,"Efavirenz/Lamivudine/Tenofovir Disoproxil Fumarate 600/300/300mg, tablets, 30 Tabs",Efavirenz/Lamivudine/Tenofovir Disoproxil Fumarate,Generic,600/300/300mg,Tablet - FDC,30,70000,780500.0,11.15,0.37,Mylan (formerly Matrix) Nashik,Yes,21510,20225.07,965.48
11918,106-HT-T01,Pre-PQ Process,SO-12162,DN-942,Haiti,PMO - US,From RDC,N/A - From RDC,Air,Pre-PQ Process,N/A - From RDC,10-Oct-08,10-Oct-08,10-Oct-08,ARV,Pediatric,SCMS from RDC,"Zidovudine 10mg/ml, oral solution, Bottle, 240 ml",Zidovudine,Generic,10mg/ml,Oral solution,240,2613,5487.3,2.1,0.01,"Aurobindo Unit III, India",Yes,979,11836.61,8.78
73507,111-MZ-T30,FPQ-9671,SCMS-145150,ASN-15699,Mozambique,PMO - US,Direct Drop,EXW,Air,4/10/2012,5/4/2012,4-Sep-12,4-Sep-12,4-Sep-12,HRDT,HIV test,"Orgenics, Ltd","HIV 1/2, Determine Complete HIV Kit, 100 Tests","HIV 1/2, Determine Complete HIV Kit",Determine,,Test kit,100,5000,400000.0,80.0,0.8,"Alere Medical Co., Ltd.",Yes,2384,43848.04,560.8
11271,110-ZM-T01,Pre-PQ Process,SO-2549,DN-823,Zambia,PMO - US,From RDC,N/A - From RDC,Truck,Pre-PQ Process,N/A - From RDC,23-Jul-08,23-Jul-08,23-Jul-08,ARV,Adult,SCMS from RDC,"Lamivudine/Nevirapine/Stavudine 150/200/30mg, tablets, 60 Tabs",Lamivudine/Nevirapine/Stavudine,Generic,150/200/30mg,Tablet - FDC,60,60000,432000.0,7.2,0.12,"Strides, Bangalore, India.",Yes,12606,7053.51,691.2
22516,116-ZA-T30,FPQ-12522,SCMS-199283,ASN-27978,South Africa,PMO - US,Direct Drop,DDP,Truck,7/11/2013,8/27/2014,27-Aug-14,27-Aug-14,27-Aug-14,ARV,Pediatric,S. BUYS WHOLESALER,"Lamivudine 10mg/ml, oral solution w/syringe, Bottle, 240 ml",Lamivudine,Generic,10mg/ml,Oral solution,240,13,103.95,8.0,0.03,"Aurobindo Unit III, India",No,Weight Captured Separately,Freight Included in Commodity Cost,0.13
50380,116-ZA-T30,FPQ-13035,SCMS-215370,ASN-24415,South Africa,PMO - US,Direct Drop,DDP,Truck,10/8/2013,12/2/2013,6-Feb-14,6-Feb-14,6-Feb-14,ARV,Adult,S. BUYS WHOLESALER,"Didanosine 400mg, delayed-release capsules, 30 Caps",Didanosine,Generic,400mg,Delayed-release capsules,30,58,1068.21,18.42,0.61,"Aurobindo Unit III, India",No,Weight Captured Separately,Freight Included in Commodity Cost,1.32
11647,153-NG-T01,Pre-PQ Process,SO-31170,DN-1261,Nigeria,PMO - US,From RDC,N/A - From RDC,Air Charter,Pre-PQ Process,N/A - From RDC,16-Jun-09,16-Jun-09,16-Jun-09,ARV,Adult,SCMS from RDC,"Nevirapine 200mg, tablets, 60 Tabs",Nevirapine,Generic,200mg,Tablet,60,24,72.0,3.0,0.05,"Aurobindo Unit III, India",Yes,21,7329.83,0.14
86077,104-CI-T30,FPQ-13142,SO-47130,DN-3655,Côte d'Ivoire,PMO - US,From RDC,N/A - From RDC,Truck,10/22/2013,N/A - From RDC,21-Apr-14,1-May-14,11-Jun-14,ARV,Pediatric,SCMS from RDC,"Nevirapine 10mg/ml, oral suspension w/syringe, Bottle, 100 ml",Nevirapine,Generic,10mg/ml,Oral suspension,100,4000,5200.0,1.3,0.01,"Aurobindo Unit III, India",No,See DN-3655 (ID#:83237),See DN-3655 (ID#:83237),5.35
83900,111-MZ-T30,FPQ-15195,SO-50140,DN-4191,Mozambique,PMO - US,From RDC,N/A - From RDC,Truck,10/17/2014,N/A - From RDC,31-May-15,13-May-15,15-May-15,ARV,Adult,SCMS from RDC,"Efavirenz/Lamivudine/Tenofovir Disoproxil Fumarate 600/300/300mg, tablets, 30 Tabs",Efavirenz/Lamivudine/Tenofovir Disoproxil Fumarate,Generic,600/300/300mg,Tablet - FDC,30,619999,5951990.4,9.6,0.32,Hetero Unit III Hyderabad IN,Yes,90446,68874.85,7005.49
85737,109-TZ-T30,FPQ-5237,SO-37910,DN-2103,Tanzania,PMO - US,From RDC,N/A - From RDC,Truck,3/1/2010,N/A - From RDC,28-Feb-11,28-Feb-11,28-Feb-11,ARV,Adult,SCMS from RDC,"Nevirapine 200mg, tablets, 60 Tabs",Nevirapine,Generic,200mg,Tablet,60,36576,94366.08,2.58,0.04,"Aurobindo Unit III, India",Yes,4145,1647,203.45
86285,151-NG-T30,FPQ-4537,SO-35091,DN-1694,Nigeria,PMO - US,From RDC,N/A - From RDC,Air Charter,11/6/2009,N/A - From RDC,19-Apr-10,31-Mar-10,31-Mar-10,ARV,Adult,SCMS from RDC,"Zidovudine 300mg, tablets, 60 Tabs",Zidovudine,Generic,300mg,Tablet,60,5000,37500.0,7.5,0.12,Mylan (formerly Matrix) Nashik,Yes,264,Freight Included in Commodity Cost,80.85
80526,107-RW-T30,FPQ-13853,SCMS-235970,ASN-26932,Rwanda,PMO - US,Direct Drop,FCA,Air,3/25/2014,4/29/2014,16-Jul-14,16-Jul-14,22-Jul-14,ARV,Pediatric,LAWRENCE LABORATORIES (SUBSIDIARY OF BRISTOL MYERS SQUIBB),"Atazanavir 150mg [Reyataz], capsules, 60 Caps",Atazanavir,Reyataz,150mg,Capsule,60,208,7040.8,33.85,0.56,"BMS Evansville, US",Yes,16,957.88,7.24
33450,113-ZW-T30,FPQ-7521,SCMS-108020,ASN-13966,Zimbabwe,PMO - US,Direct Drop,EXW,Air,4/7/2011,5/5/2011,20-Mar-12,20-Mar-12,20-Mar-12,HRDT,HIV test,"Orgenics, Ltd","HIV 1/2, Determine Complete HIV Kit, 100 Tests","HIV 1/2, Determine Complete HIV Kit",Determine,,Test kit,100,1967,157360.0,80.0,0.8,Inverness Japan,Yes,1004,18612.64,259.64
65359,116-ZA-T30,FPQ-14942,SCMS-259077,ASN-33478,South Africa,PMO - US,Direct Drop,DDP,Truck,9/11/2014,10/9/2014,24-Jul-15,24-Jul-15,24-Jul-15,ARV,Adult,PHARMACY DIRECT,"Raltegravir 400mg [Isentress], tablets, 60 Tabs",Raltegravir,Isentress,400mg,Tablet,60,35,2301.31,65.75,1.1,"MSD, Haarlem, NL",No,Weight Captured Separately,Freight Included in Commodity Cost,2.37
11227,104-CI-T01,Pre-PQ Process,SO-793,DN-560,Côte d'Ivoire,PMO - US,From RDC,N/A - From RDC,,Pre-PQ Process,N/A - From RDC,21-Jan-08,21-Jan-08,21-Jan-08,HRDT,HIV test,SCMS from RDC,"#108853** HIV, Genie II HIV-1/HIV-2 Kit, 40 Tests","HIV, Genie II HIV-1/HIV-2 Kit",Genie,,Test kit,40,710,53960.0,76.0,1.9,Bio-Rad Laboratories,Yes,771,3256,86.34
7708,106-HT-T01,Pre-PQ Process,SCMS-40310,ASN-3664,Haiti,PMO - US,Direct Drop,EXW,Air,Pre-PQ Process,3/9/2009,24-Mar-09,24-Mar-09,24-Mar-09,HRDT,HIV test,"Trinity Biotech, Plc","HIV 1/2, Capillus HIV Kit, 100 Tests","HIV 1/2, Capillus HIV Kit",Capillus,,Test kit,100,110,15290.0,139.0,1.39,"Trinity Biotech, Plc",Yes,78,1953.6,29.97
12550,131-NG-T01,Pre-PQ Process,SO-15051,DN-1057,Nigeria,PMO - US,From RDC,N/A - From RDC,Air,Pre-PQ Process,N/A - From RDC,19-Jan-09,19-Jan-09,19-Jan-09,ARV,Adult,SCMS from RDC,"Efavirenz 600mg, tablets, 30 Tabs",Efavirenz,Generic,600mg,Tablet,30,14000,154000.0,11.0,0.37,"Aurobindo Unit III, India",Yes,1169,13538.35,301.84
64320,203-SZ-T30,FPQ-14826,SCMS-256310,ASN-29141,Swaziland,PMO - US,Direct Drop,EXW,Air,9/3/2014,10/9/2014,19-Feb-15,19-Feb-15,19-Feb-15,HRDT,HIV test - Ancillary,"Orgenics, Ltd","Chase Buffer, Determine, 100 Tests, 2.5ml x 1 Vial","Chase Buffer, Determine, 100 Tests, 2.5ml x 1 Vial",Determine,,Test kit - Ancillary,1,39,195.0,5.0,5.0,"Alere Medical Co., Ltd.",No,See ASN-29141 (ID#:63419),See ASN-29141 (ID#:63419),0.2
85867,102-CD-T30,FPQ-9640,SO-41850,DN-2697,"Congo, DRC",PMO - US,From RDC,N/A - From RDC,Air,4/2/2012,N/A - From RDC,11-Sep-12,11-Sep-12,11-Sep-12,ARV,Adult,SCMS from RDC,"Tenofovir Disoproxil Fumarate 300mg, tablets, 30 Tabs",Tenofovir Disoproxil Fumarate,Generic,300mg,Tablet,30,120,660.0,5.5,0.18,Mylan (formerly Matrix) Nashik,No,See DN-2697 (ID#:83045),See DN-2697 (ID#:83045),0.93
82312,114-UG-T30,FPQ-5239,SO-36160,DN-1761,Uganda,PMO - US,From RDC,N/A - From RDC,Air,3/2/2010,N/A - From RDC,23-Jun-10,8-Apr-10,8-Apr-10,ARV,Adult,SCMS from RDC,"Lamivudine/Stavudine 150/30mg, tablets, 60 Tabs",Lamivudine/Stavudine,Generic,150/30mg,Tablet - FDC,60,140,476.0,3.4,0.06,"Cipla, Goa, India",Yes,17,1073.46,1.03
47977,110-ZM-T30,FPQ-15075,SCMS-260220,ASN-29944,Zambia,PMO - US,Direct Drop,EXW,Air,10/15/2014,10/22/2014,21-Jan-15,21-Jan-15,4-Feb-15,HRDT,HIV test,"Trinity Biotech, Plc","HIV 1/2, Uni-Gold HIV Kit, 20 Tests","HIV 1/2, Uni-Gold HIV Kit",Uni-Gold,,Test kit,20,3000,96000.0,32.0,1.6,"Trinity Biotech, Plc",Yes,881,6664.29,112.99
11980,112-NG-T01,Pre-PQ Process,SO-21050,DN-1244,Nigeria,PMO - US,From RDC,N/A - From RDC,Air Charter,Pre-PQ Process,N/A - From RDC,16-Jun-09,16-Jun-09,16-Jun-09,ARV,Adult,SCMS from RDC,"Stavudine 30mg, capsules, 60 Caps",Stavudine,Generic,30mg,Capsule,60,1002,1553.1,1.55,0.03,"Aurobindo Unit III, India",No,See DN-1244 (ID#:11048),See DN-1244 (ID#:11048),3.04
16921,108-VN-T30,FPQ-4720,SCMS-62460,ASN-6355,Vietnam,PMO - US,Direct Drop,EXW,Air,1/4/2009,1/12/2010,29-Mar-10,29-Mar-10,29-Mar-10,ARV,Adult,MYLAN LABORATORIES LTD (FORMERLY MATRIX LABORATORIES),"Efavirenz 600mg, tablets, 30 Tabs",Efavirenz,Generic,600mg,Tablet,30,11592,52048.08,4.49,0.15,Mylan (formerly Matrix) Nashik,No,See ASN-6355 (ID#:16828),See ASN-6355 (ID#:16828),112.22
85491,104-CI-T30,FPQ-13691,SO-47920,DN-3899,Côte d'Ivoire,PMO - US,From RDC,N/A - From RDC,Air,2/7/2014,N/A - From RDC,30-Sep-14,8-Sep-14,19-Sep-14,ARV,Pediatric,SCMS from RDC,"Zidovudine 10mg/ml, oral solution w/syringe, Bottle, 240 ml",Zidovudine,Generic,10mg/ml,Oral solution,240,7000,14700.0,2.1,0.01,"Cipla, Goa, India",Yes,2625,9868.54,15.11
42061,116-ZA-T30,FPQ-14942,SCMS-259079,ASN-33851,South Africa,PMO - US,Direct Drop,DDP,Truck,9/11/2014,10/9/2014,24-Aug-15,24-Aug-15,24-Aug-15,ARV,Adult,PHARMACY DIRECT,"Abacavir 300mg, tablets, 60 Tabs",Abacavir,Generic,300mg,Tablet,60,88,4713.55,53.56,0.89,"Aurobindo Unit III, India",No,Weight Captured Separately,Freight Included in Commodity Cost,4.85
76559,108-VN-T30,FPQ-10286,SCMS-156272,ASN-17807,Vietnam,PMO - US,Direct Drop,EXW,Air,7/25/2012,8/14/2012,1-Feb-13,1-Feb-13,1-Feb-13,ARV,Pediatric,MYLAN LABORATORIES LTD (FORMERLY MATRIX LABORATORIES),"Lamivudine/Zidovudine 30/60mg, tablets, 60 Tabs",Lamivudine/Zidovudine,Generic,30/60mg,Tablet - FDC,60,1966,4423.5,2.25,0.04,Mylan (formerly Matrix) Nashik,Yes,91,1143.04,6.2
7983,113-ZW-T01,Pre-PQ Process,SCMS-231,ASN-139,Zimbabwe,PMO - US,Direct Drop,CIP,Air,Pre-PQ Process,Date Not Captured,18-Dec-06,18-Dec-06,18-Dec-06,ARV,Pediatric,BRISTOL-MYERS SQUIBB,"#102198**Didanosine 200mg [Videx], tablets, 60 Tabs",Didanosine,Videx,200mg,Tablet,60,425,10837.5,25.5,0.42,"BMS Meymac, France",Yes,Weight Captured Separately,Freight Included in Commodity Cost,
858,109-TZ-T01,Pre-PQ Process,SCMS-34680,ASN-3332,Tanzania,PMO - US,Direct Drop,CIP,Air,Pre-PQ Process,12/19/2008,21-Apr-09,21-Apr-09,21-Apr-09,ARV,Adult,MERCK SHARP & DOHME IDEA GMBH (FORMALLY MERCK SHARP & DOHME B.V.),"Efavirenz/Emtricitabine/Tenofovir Disoproxil Fumarate 600/200/300mg [Atripla], tablets, 30 Tabs",Efavirenz/Emtricitabine/Tenofovir Disoproxil Fumarate,Atripla,600/200/300mg,Tablet - FDC,30,50000,2520000.0,50.4,1.68,"MSD, Haarlem, NL",Yes,4093,9339,4939.2
10904,111-MZ-T01,Pre-PQ Process,SO-1038,DN-426,Mozambique,PMO - US,From RDC,N/A - From RDC,Air,Pre-PQ Process,N/A - From RDC,29-Nov-07,29-Nov-07,29-Nov-07,ARV,Pediatric,SCMS from RDC,"Stavudine 1mg/ml, powder for oral solution, 200 ml",Stavudine,Generic,1mg/ml,Oral solution,200,500,700.0,1.4,0.01,"Aurobindo Unit III, India",No,See DN-426 (ID#:10633),See DN-426 (ID#:10633),1.12
83784,104-CI-T30,FPQ-13142,SO-47151,DN-3633,Côte d'Ivoire,PMO - US,From RDC,N/A - From RDC,Truck,10/22/2013,N/A - From RDC,30-Apr-14,22-Apr-14,11-Jun-14,ARV,Adult,SCMS from RDC,"Tenofovir Disoproxil Fumarate 300mg, tablets, 30 Tabs",Tenofovir Disoproxil Fumarate,Generic,300mg,Tablet,30,4300,16254.0,3.78,0.13,Hetero Unit III Hyderabad IN,No,See DN-3633 (ID#:82666),See DN-3633 (ID#:82666),16.71
84795,104-CI-T30,FPQ-10633,SO-43340,DN-3046,Côte d'Ivoire,PMO - US,From RDC,N/A - From RDC,Truck,9/11/2012,N/A - From RDC,30-Apr-13,8-Mar-13,8-Mar-13,ARV,Adult,SCMS from RDC,"Tenofovir Disoproxil Fumarate 300mg, tablets, 30 Tabs",Tenofovir Disoproxil Fumarate,Generic,300mg,Tablet,30,4500,18180.0,4.04,0.13,Mylan (formerly Matrix) Nashik,No,See DN-3046 (ID#:83119),See DN-3046 (ID#:83119),25.49
9202,116-ZA-T01,Pre-PQ Process,SCMS-47052,ASN-5370,South Africa,PMO - US,Direct Drop,DDP,Truck,Pre-PQ Process,6/5/2009,12-Oct-09,8-Oct-09,8-Oct-09,ARV,Pediatric,S. BUYS WHOLESALER,"Stavudine 1mg/ml, powder for oral solution, 200 ml",Stavudine,Generic,1mg/ml,Oral solution,200,1200,2796.0,2.33,0.01,"Aurobindo Unit III, India",Yes,Weight Captured Separately,Freight Included in Commodity Cost,6.03
83665,105-GY-T30,FPQ-11547,SO-44540,DN-3058,Guyana,PMO - US,From RDC,N/A - From RDC,Air,1/28/2013,N/A - From RDC,3-Apr-13,15-Mar-13,15-Mar-13,ARV,Pediatric,SCMS from RDC,"Lamivudine 10mg/ml, oral solution w/syringe, Bottle, 240 ml",Lamivudine,Generic,10mg/ml,Oral solution,240,238,440.3,1.85,0.01,"Aurobindo Unit III, India",Yes,76,2180,0.54
24547,102-GY-T30,FPQ-5495,SCMS-71620,ASN-7512,Guyana,PMO - US,Direct Drop,EXW,Air,4/15/2010,6/21/2010,9-Aug-10,9-Aug-10,9-Aug-10,HRDT,HIV test,"Orgenics, Ltd","HIV 1/2, Determine Complete HIV Kit, 100 Tests","HIV 1/2, Determine Complete HIV Kit",Determine,,Test kit,100,618,55620.0,90.0,0.9,Inverness Japan,Yes,304,6363.92,119.92
8735,111-MZ-T01,Pre-PQ Process,SCMS-31750,ASN-3507,Mozambique,PMO - US,Direct Drop,EXW,Air,Pre-PQ Process,10/14/2008,14-Apr-09,14-Apr-09,14-Apr-09,HRDT,HIV test,"Orgenics, Ltd","HIV 1/2, Determine Complete HIV Kit, 100 Tests","HIV 1/2, Determine Complete HIV Kit",Determine,,Test kit,100,4800,345600.0,72.0,0.72,Inverness Japan,Yes,1417,13093.27,677.38
85137,104-CI-T30,FPQ-5623,SO-36890,DN-1984,Côte d'Ivoire,PMO - US,From RDC,N/A - From RDC,Air,5/7/2010,N/A - From RDC,31-Aug-10,23-Aug-10,23-Aug-10,ARV,Adult,SCMS from RDC,"Lamivudine/Stavudine 150/30mg, tablets, 60 Tabs",Lamivudine/Stavudine,Generic,150/30mg,Tablet - FDC,60,11994,39340.32,3.28,0.05,Mylan (formerly Matrix) Nashik,No,See DN-1984 (ID#:83453),See DN-1984 (ID#:83453),84.82
11674,104-CI-T01,Pre-PQ Process,SO-32830,DN-1387,Côte d'Ivoire,PMO - US,From RDC,N/A - From RDC,Air,Date Not Captured,N/A - From RDC,25-Aug-09,25-Aug-09,25-Aug-09,ARV,Pediatric,SCMS from RDC,"Nevirapine 10mg/ml, oral suspension, Bottle, 240 ml",Nevirapine,Generic,10mg/ml,Oral suspension,240,2917,5600.64,1.92,0.01,"Aurobindo Unit III, India",Yes,1348,5233.52,10.98
15825,109-TZ-T30,FPQ-16453,SCMS-293540,ASN-33245,Tanzania,PMO - US,Direct Drop,EXW,Air,6/8/2015,6/25/2015,24-Aug-15,24-Aug-15,28-Aug-15,HRDT,HIV test,"Trinity Biotech, Plc","HIV 1/2, Uni-Gold HIV Kit, 20 Tests","HIV 1/2, Uni-Gold HIV Kit",Uni-Gold,,Test kit,20,400,12800.0,32.0,1.6,"Trinity Biotech, Plc",Yes,Weight Captured Separately,Invoiced Separately,15.07
85718,104-CI-T30,FPQ-5925,SO-37120,DN-2033,Côte d'Ivoire,PMO - US,From RDC,N/A - From RDC,Truck,6/23/2010,N/A - From RDC,28-Oct-10,23-Nov-10,23-Nov-10,ARV,Adult,SCMS from RDC,"Efavirenz 600mg, tablets, 30 Tabs",Efavirenz,Generic,600mg,Tablet,30,69384,313615.68,4.52,0.15,Mylan (formerly Matrix) Nashik,No,See DN-2033 (ID#:82922),See DN-2033 (ID#:82922),676.16
24427,110-ZM-T30,FPQ-4141,SCMS-53261,ASN-5853,Zambia,PMO - US,Direct Drop,EXW,Air,8/31/2009,9/11/2009,28-Jan-10,28-Jan-10,28-Jan-10,HRDT,HIV test - Ancillary,"Orgenics, Ltd","HIV, Lancet, Safety, for HIV Test kits, 100 Pcs","HIV, Lancet, Safety, for HIV Test kits, 100 Pcs",Generic,,Test kit - Ancillary,100,7000,35000.0,5.0,0.05,Inverness Japan,Yes,1382,18369.56,68.6
83119,104-CI-T30,FPQ-10633,SO-43340,DN-3046,Côte d'Ivoire,PMO - US,From RDC,N/A - From RDC,Truck,9/11/2012,N/A - From RDC,30-Apr-13,8-Mar-13,8-Mar-13,ARV,Adult,SCMS from RDC,"Lopinavir/Ritonavir 200/50mg, tablets, 120 Tabs",Lopinavir/Ritonavir,Generic,200/50mg,Tablet,120,3524,87254.24,24.76,0.21,Mylan (formerly Matrix) Nashik,Yes,3264,14368.65,122.33
37031,108-VN-T30,FPQ-10287,SCMS-156140,ASN-17077,Vietnam,PMO - US,Direct Drop,EXW,Air,7/25/2012,8/14/2012,10-Dec-12,10-Dec-12,10-Dec-12,ARV,Pediatric,Aurobindo Pharma Limited,"Lamivudine 10mg/ml, oral solution w/syringe, Bottle, 240 ml",Lamivudine,Generic,10mg/ml,Oral solution,240,370,684.5,1.85,0.01,"Aurobindo Unit III, India",Yes,2998,4531.29,0.96
55922,116-ZA-T30,FPQ-13973,SCMS-238555,ASN-29257,South Africa,PMO - US,Direct Drop,DDP,Truck,4/30/2014,11/4/2014,5-Nov-14,5-Nov-14,5-Nov-14,ARV,Pediatric,PHARMACY DIRECT,"Lamivudine 10mg/ml, oral solution, Bottle, 240 ml",Lamivudine,Generic,10mg/ml,Oral solution,240,20,143.05,7.15,0.03,"Aurobindo Unit III, India",No,Weight Captured Separately,Freight Included in Commodity Cost,0.15
73152,106-HT-T30,FPQ-15038,SCMS-263170,ASN-31572,Haiti,PMO - US,Direct Drop,EXW,Air,10/22/2014,12/24/2014,11-May-15,11-May-15,13-May-15,ARV,Adult,Aurobindo Pharma Limited,"Lamivudine/Zidovudine 150/300mg, tablets, 60 Tabs",Lamivudine/Zidovudine,Generic,150/300mg,Tablet - FDC,60,19987,135311.99,6.77,0.11,"Aurobindo Unit III, India",No,See ASN-31572 (ID#:24983),See ASN-31572 (ID#:24983),139.1
11032,107-RW-T01,Pre-PQ Process,SO-27300,DN-1169,Rwanda,PMO - US,From RDC,N/A - From RDC,Air,Pre-PQ Process,N/A - From RDC,27-Apr-09,27-Apr-09,27-Apr-09,ARV,Adult,SCMS from RDC,"Nevirapine 200mg, tablets, 60 Tabs",Nevirapine,Generic,200mg,Tablet,60,7350,22050.0,3.0,0.05,Hetero Unit III Hyderabad IN,Yes,404,3366.98,43.22
2438,116-ZA-T01,Pre-PQ Process,SCMS-41140,ASN-3752,South Africa,PMO - US,Direct Drop,DDP,Air,Pre-PQ Process,Date Not Captured,31-Mar-09,21-Nov-08,21-Nov-08,ARV,Adult,S. BUYS WHOLESALER,"Stavudine 20mg [Zerit], capsules, 60 Caps",Stavudine,Zerit,20mg,Capsule,60,100,371.0,3.71,0.06,"BMS Meymac, France",No,Weight Captured Separately,Freight Included in Commodity Cost,0.73
12862,123-NG-T01,Pre-PQ Process,SO-2554,DN-960,Nigeria,PMO - US,From RDC,N/A - From RDC,Air,Pre-PQ Process,N/A - From RDC,30-Oct-08,30-Oct-08,30-Oct-08,ARV,Adult,SCMS from RDC,"Nevirapine 200mg, tablets, 60 Tabs",Nevirapine,Generic,200mg,Tablet,60,6002,20406.8,3.4,0.06,"Aurobindo Unit III, India",No,See DN-960 (ID#:11945),See DN-960 (ID#:11945),40.0
85338,114-UG-T30,FPQ-11143,SO-43960,DN-3042,Uganda,PMO - US,From RDC,N/A - From RDC,Air,12/13/2012,N/A - From RDC,9-Mar-13,7-Mar-13,7-Mar-13,ARV,Adult,SCMS from RDC,"Nevirapine 200mg, tablets, 60 Tabs",Nevirapine,Generic,200mg,Tablet,60,7875,17797.5,2.26,0.04,"Aurobindo Unit III, India",No,See DN-3042 (ID#:83663),See DN-3042 (ID#:83663),22.02
11419,104-CI-T01,Pre-PQ Process,SO-590,DN-220,Côte d'Ivoire,PMO - US,From RDC,N/A - From RDC,,Pre-PQ Process,N/A - From RDC,18-Jul-07,18-Jul-07,18-Jul-07,ARV,Adult,SCMS from RDC,"Lamivudine/Nevirapine/Stavudine 150/200/30mg, tablets, 60 Tabs",Lamivudine/Nevirapine/Stavudine,Generic,150/200/30mg,Tablet - FDC,60,209,1567.5,7.5,0.12,"Cipla, Goa, India",No,See DN-220 (ID#:10585),See DN-220 (ID#:10585),2.51
86320,151-NG-T30,FPQ-5023,SO-36438,DN-1957,Nigeria,PMO - US,From RDC,N/A - From RDC,Air Charter,2/10/2010,N/A - From RDC,16-Aug-10,17-Aug-10,17-Aug-10,ARV,Adult,SCMS from RDC,"Lamivudine/Nevirapine/Zidovudine 150/200/300mg, tablets, 60 Tabs",Lamivudine/Nevirapine/Zidovudine,Generic,150/300/200mg,Tablet - FDC,60,40750,457215.0,11.22,0.19,"Aurobindo Unit III, India",Yes,5366,6147.18,985.76
12574,106-HT-T01,Pre-PQ Process,SO-24870,DN-1218,Haiti,PMO - US,From RDC,N/A - From RDC,Air,Pre-PQ Process,N/A - From RDC,22-May-09,22-May-09,22-May-09,ARV,Pediatric,SCMS from RDC,"Efavirenz 30mg/ml [Stocrin/Sustiva], oral solution, Bottle, 180 ml",Efavirenz,Stocrin/Sustiva,30mg/ml,Oral solution,180,98,1662.08,16.96,0.09,"MSD, Haarlem, NL",Yes,28,988.24,3.26
16379,116-ZA-T30,FPQ-14942,SCMS-259077,ASN-33478,South Africa,PMO - US,Direct Drop,DDP,Truck,9/11/2014,10/9/2014,24-Jul-15,24-Jul-15,24-Jul-15,ARV,Adult,PHARMACY DIRECT,"Etravirine 100mg [Intelence], tablets, 120 Tabs",Etravirine,Intelence,100mg,Tablet,120,27,742.84,27.51,0.23,"Janssen-Cilag, Latina, IT",Yes,Weight Captured Separately,Freight Included in Commodity Cost,0.76
9749,108-VN-T01,Pre-PQ Process,SCMS-23360,ASN-2490,Vietnam,PMO - US,Direct Drop,FCA,Air,Pre-PQ Process,5/15/2008,16-Nov-08,16-Nov-08,16-Nov-08,ARV,Adult,ABBVIE LOGISTICS (FORMERLY ABBOTT LOGISTICS BV),"Lopinavir/Ritonavir 200/50mg [Aluvia], tablets, 120 Tabs",Lopinavir/Ritonavir,Aluvia,200/50mg,Tablet,120,1480,121656.0,82.2,0.68,ABBVIE Ludwigshafen Germany,Yes,370,2652.33,194.65
38600,116-ZA-T30,FPQ-12522,SCMS-199289,ASN-28036,South Africa,PMO - US,Direct Drop,DDP,Truck,7/11/2013,8/29/2014,29-Aug-14,29-Aug-14,29-Aug-14,ARV,Adult,S. BUYS WHOLESALER,"Abacavir 300mg, tablets, 60 Tabs",Abacavir,Generic,300mg,Tablet,60,118,8980.79,76.11,1.27,"Aurobindo Unit III, India",No,Weight Captured Separately,Freight Included in Commodity Cost,11.11
83008,101-CD-T30,FPQ-8840,SO-41142,DN-2506,"Congo, DRC",PMO - US,From RDC,N/A - From RDC,Air,11/21/2011,N/A - From RDC,16-Mar-12,14-Mar-12,14-Mar-12,ARV,Adult,SCMS from RDC,"Lamivudine/Tenofovir Disoproxil Fumarate 300/300mg, tablets, 30 Tabs",Lamivudine/Tenofovir Disoproxil Fumarate,Generic,300/300mg,Tablet - FDC,30,14,85.12,6.08,0.2,Mylan (formerly Matrix) Nashik,No,See DN-2506 (ID#:82439),See DN-2506 (ID#:82439),0.12
5522,108-VN-T01,Pre-PQ Process,SCMS-14210,ASN-1340,Vietnam,PMO - US,Direct Drop,FCA,Air,Pre-PQ Process,11/22/2007,6-Mar-08,6-Mar-08,6-Mar-08,ARV,Adult,ABBVIE LOGISTICS (FORMERLY ABBOTT LOGISTICS BV),"Lopinavir/Ritonavir 200/50mg [Aluvia], tablets, 120 Tabs",Lopinavir/Ritonavir,Aluvia,200/50mg,Tablet,120,1000,82200.0,82.2,0.68,ABBVIE Ludwigshafen Germany,Yes,249,3120.92,131.52
86581,114-UG-T30,FPQ-10945,SO-43633,DN-3220,Uganda,PMO - US,From RDC,N/A - From RDC,Air,11/6/2012,N/A - From RDC,31-Jul-13,19-Jul-13,19-Jul-13,ARV,Adult,SCMS from RDC,"Efavirenz/Lamivudine/Tenofovir Disoproxil Fumarate 600/300/300mg, tablets, 30 Tabs",Efavirenz/Lamivudine/Tenofovir Disoproxil Fumarate,Generic,600/300/300mg,Tablet - FDC,30,5728,60258.56,10.52,0.35,Hetero Unit III Hyderabad IN,Yes,770,2871,74.54
85536,110-ZM-T30,FPQ-14162,SO-48681,DN-3984,Zambia,PMO - US,From RDC,N/A - From RDC,Truck,4/24/2014,N/A - From RDC,30-Jan-15,19-Feb-15,20-Feb-15,ARV,Adult,SCMS from RDC,"Nevirapine 200mg, tablets, 60 Tabs",Nevirapine,Generic,200mg,Tablet,60,41768,92307.28,2.21,0.04,"Strides, Bangalore, India.",Yes,2599,3427.33,94.89
84376,110-ZM-T30,FPQ-13221,SO-47200,DN-3888,Zambia,PMO - US,From RDC,N/A - From RDC,Truck,10/31/2013,N/A - From RDC,29-Aug-14,23-Sep-14,17-Oct-14,ARV,Adult,SCMS from RDC,"Lamivudine/Tenofovir Disoproxil Fumarate 300/300mg, tablets, 30 Tabs",Lamivudine/Tenofovir Disoproxil Fumarate,Generic,300/300mg,Tablet - FDC,30,17801,82418.63,4.63,0.15,"Aurobindo Unit VII, IN",Yes,1667,1966.09,84.73
12854,110-ZM-T01,Pre-PQ Process,SO-2479,DN-861,Zambia,PMO - US,From RDC,N/A - From RDC,Truck,Pre-PQ Process,N/A - From RDC,20-Aug-08,20-Aug-08,20-Aug-08,ARV,Adult,SCMS from RDC,"Efavirenz 600mg, tablets, 30 Tabs",Efavirenz,Generic,600mg,Tablet,30,50000,600500.0,12.01,0.4,Mylan (formerly Matrix) Nashik,No,See DN-861 (ID#:11013),See DN-861 (ID#:11013),960.8
86798,114-UG-T30,FPQ-15294,SO-50050,DN-4218,Uganda,PMO - US,From RDC,N/A - From RDC,Truck,11/3/2014,N/A - From RDC,15-Jun-15,14-May-15,15-May-15,ARV,Adult,SCMS from RDC,"Efavirenz 600mg, tablets, 30 Tabs",Efavirenz,Generic,600mg,Tablet,30,29998,93593.76,3.12,0.1,Hetero Unit III Hyderabad IN,No,See DN-4218 (ID#:83326),See DN-4218 (ID#:83326),110.16
85026,114-UG-T30,FPQ-14396,SO-48995,DN-4214,Uganda,PMO - US,From RDC,N/A - From RDC,Truck,6/4/2014,N/A - From RDC,30-Apr-15,22-Apr-15,24-Apr-15,ARV,Adult,SCMS from RDC,"Lamivudine/Tenofovir Disoproxil Fumarate 300/300mg, tablets, 30 Tabs",Lamivudine/Tenofovir Disoproxil Fumarate,Generic,300/300mg,Tablet - FDC,30,13549,62189.91,4.59,0.15,"Cipla, Kurkumbh, India",Yes,1354,Freight Included in Commodity Cost,63.93
63073,103-ZW-T30,FPQ-12094,SCMS-186840,ASN-24393,Zimbabwe,PMO - US,Direct Drop,FCA,Air,4/19/2013,4/25/2013,13-Mar-14,13-Mar-14,13-Mar-14,ARV,Pediatric,LAWRENCE LABORATORIES (SUBSIDIARY OF BRISTOL MYERS SQUIBB),"Didanosine 25mg [Videx], chewable tablets, 60 Tabs",Didanosine,Videx,25mg,Chewable/dispersible tablet,60,1014,7098.0,7.0,0.12,Bristol-Myers Squibb Anagni IT,Yes,247,3584.08,8.78
68735,109-TZ-T30,FPQ-7909,SCMS-114980,ASN-11974,Tanzania,PMO - US,Direct Drop,EXW,Air,6/24/2011,7/18/2011,29-Sep-11,29-Sep-11,29-Sep-11,HRDT,HIV test,"Standard Diagnostics, Inc.","HIV 1/2, Bioline 3.0 Kit, Lancets, Capillary pipets, Alcohol swabs included, 25 Tests","HIV 1/2, Bioline 3.0 Kit, Lancets, Capillary pipets, Alcohol swabs included",Bioline,,Test kit,25,10000,200000.0,20.0,0.8,"Standard Diagnostics, Korea",Yes,3334,22086.15,330.0
83032,113-ZW-T30,FPQ-8464,SO-40870,DN-2656,Zimbabwe,PMO - US,From RDC,N/A - From RDC,Truck,10/4/2011,N/A - From RDC,12-Jun-12,25-May-12,25-May-12,ARV,Adult,SCMS from RDC,"Lamivudine/Tenofovir Disoproxil Fumarate 300/300mg, tablets, 30 Tabs",Lamivudine/Tenofovir Disoproxil Fumarate,Generic,300/300mg,Tablet - FDC,30,78082,432574.28,5.54,0.18,Mylan (formerly Matrix) Nashik,Yes,14314,15219.72,713.75
12200,102-BW-T01,Pre-PQ Process,SO-2041,DN-678,Botswana,PMO - US,From RDC,N/A - From RDC,Truck,Pre-PQ Process,N/A - From RDC,25-Mar-08,25-Mar-08,25-Mar-08,HRDT,HIV test - Ancillary,SCMS from RDC,"HIV, Lancet, Safety, for HIV Test kits, 100 Pcs","HIV, Lancet, Safety, for HIV Test kits, 100 Pcs",Generic,,Test kit - Ancillary,100,200,2.0,0.01,0.0,Inverness Japan,No,See DN-678 (ID#:12199),See DN-678 (ID#:12199),0.0
11601,104-CI-T01,Pre-PQ Process,SO-11831,DN-949,Côte d'Ivoire,PMO - US,From RDC,N/A - From RDC,Air,Pre-PQ Process,N/A - From RDC,1-Dec-08,1-Dec-08,1-Dec-08,ARV,Adult,SCMS from RDC,"Lamivudine/Stavudine 150/30mg, tablets, 60 Tabs",Lamivudine/Stavudine,Generic,150/30mg,Tablet - FDC,60,21542,84013.8,3.9,0.06,Mylan (formerly Matrix) Nashik,Yes,1583,6381.87,164.67
62761,104-CI-T30,FPQ-12150,SCMS-191950,ASN-23207,Côte d'Ivoire,PMO - US,Direct Drop,FCA,Air,4/29/2013,6/12/2013,23-Dec-13,23-Dec-13,8-Jan-14,ARV,Adult,ABBVIE LOGISTICS (FORMERLY ABBOTT LOGISTICS BV),"Ritonavir 100mg [Norvir], film coated tablets, 60 Tabs",Ritonavir,Norvir,100mg,Tablet,60,350,2397.5,6.85,0.11,ABBVIE Ludwigshafen Germany,Yes,56,1726.5,2.97
20319,110-ZM-T30,FPQ-14236,SCMS-239740,ASN-26572,Zambia,PMO - US,Direct Drop,EXW,Air,5/2/2014,5/20/2014,12-Sep-14,12-Sep-14,17-Sep-14,HRDT,HIV test,"Orgenics, Ltd","HIV 1/2, Determine Complete HIV Kit, 100 Tests","HIV 1/2, Determine Complete HIV Kit",Determine,,Test kit,100,6000,480000.0,80.0,0.8,"Alere Medical Co., Ltd.",Yes,2439,30885.26,493.44
85680,109-TZ-T30,FPQ-5237,SO-36041,DN-1890,Tanzania,PMO - US,From RDC,N/A - From RDC,Air,3/1/2010,N/A - From RDC,21-Jul-10,8-Jul-10,8-Jul-10,ARV,Adult,SCMS from RDC,"Nevirapine 200mg, tablets, 60 Tabs",Nevirapine,Generic,200mg,Tablet,60,20124,54938.52,2.73,0.05,"Cipla, Goa, India",Yes,2262,10536.12,118.45
74610,108-VN-T30,FPQ-7898,SCMS-113670,ASN-12274,Vietnam,PMO - US,Direct Drop,EXW,Air,6/27/2011,7/8/2011,24-Oct-11,24-Oct-11,24-Oct-11,ARV,Adult,HETERO LABS LIMITED,"Lamivudine/Zidovudine 150/300mg, tablets, 60 Tabs",Lamivudine/Zidovudine,Generic,150/300mg,Tablet - FDC,60,11755,96391.0,8.2,0.14,Hetero Unit III Hyderabad IN,Yes,1083,9046.76,159.05
66669,108-VN-T30,FPQ-5317,SCMS-69711,ASN-7665,Vietnam,PMO - US,Direct Drop,EXW,Air,3/22/2010,3/29/2010,13-Aug-10,13-Aug-10,13-Aug-10,ARV,Adult,MYLAN LABORATORIES LTD (FORMERLY MATRIX LABORATORIES),"Efavirenz 600mg, tablets, 30 Tabs",Efavirenz,Generic,600mg,Tablet,30,62369,268186.7,4.3,0.14,Mylan (formerly Matrix) Nashik,Yes,5009,17031.91,578.21
61521,106-HT-T30,FPQ-10785,SCMS-162800,ASN-17281,Haiti,PMO - US,Direct Drop,EXW,Air,10/11/2012,10/16/2012,6-Dec-12,6-Dec-12,6-Dec-12,HRDT,HIV test,"Orgenics, Ltd","HIV 1/2, Determine Complete HIV Kit, 100 Tests","HIV 1/2, Determine Complete HIV Kit",Determine,,Test kit,100,1500,150000.0,100.0,1.0,"Alere Medical Co., Ltd.",Yes,714,11293.85,185.55
83536,109-TZ-T30,FPQ-6713,SO-38170,DN-2363,Tanzania,PMO - US,From RDC,N/A - From RDC,Truck,12/2/2010,N/A - From RDC,3-Oct-11,23-Sep-11,23-Sep-11,ARV,Adult,SCMS from RDC,"Efavirenz/Emtricitabine/Tenofovir Disoproxil Fumarate 600/200/300mg, tablets, 30 Tabs",Efavirenz/Emtricitabine/Tenofovir Disoproxil Fumarate,Generic,600/200/300mg,Tablet - FDC,30,40337,803513.04,19.92,0.66,Mylan (formerly Matrix) Nashik,Yes,4560,1047.17,1325.8
10648,104-CI-T01,Pre-PQ Process,SO-1361,DN-503,Côte d'Ivoire,PMO - US,From RDC,N/A - From RDC,Air,Pre-PQ Process,N/A - From RDC,14-Dec-07,14-Dec-07,14-Dec-07,ARV,Adult,SCMS from RDC,"Abacavir/Lamivudine/Zidovudine 300/150/300mg [Trizivir], tablets, 60 Tabs",Abacavir/Lamivudine/Zidovudine,Trizivir,300/150/300mg,Tablet - FDC,60,1847,129290.0,70.0,1.17,GSK Ware (UK),Yes,271,1700,206.86
86102,100-ZM-T30,FPQ-13679,SO-48012,DN-3887,Zambia,PMO - US,From RDC,N/A - From RDC,Truck,2/2/2014,N/A - From RDC,18-Sep-14,2-Oct-14,22-Oct-14,ARV,Adult,SCMS from RDC,"Abacavir 300mg, tablets, 60 Tabs",Abacavir,Generic,300mg,Tablet,60,323,3627.29,11.23,0.19,"Aurobindo Unit III, India",Yes,35,42.35,3.73
82446,101-CD-T30,FPQ-8840,SO-41380,DN-2522,"Congo, DRC",PMO - US,From RDC,N/A - From RDC,Air,11/21/2011,N/A - From RDC,22-Mar-12,22-Mar-12,22-Mar-12,ARV,Adult,SCMS from RDC,"Lamivudine 150mg, tablets, 60 Tabs",Lamivudine,Generic,150mg,Tablet,60,6,13.98,2.33,0.04,Hetero Unit III Hyderabad IN,Yes,6,522.42,0.02
85911,111-MZ-T30,FPQ-10210,SO-42821,DN-2911,Mozambique,PMO - US,From RDC,N/A - From RDC,Truck,6/28/2012,N/A - From RDC,30-Nov-12,14-Nov-12,14-Nov-12,ARV,Adult,SCMS from RDC,"Lamivudine/Zidovudine 150/300mg, tablets, 60 Tabs",Lamivudine/Zidovudine,Generic,150/300mg,Tablet - FDC,60,24732,190931.04,7.72,0.13,Hetero Unit III Hyderabad IN,Yes,2143,6323.1,267.69
86602,151-NG-T30,FPQ-11864,SO-44931,DN-3324,Nigeria,PMO - US,From RDC,N/A - From RDC,Air Charter,3/14/2013,N/A - From RDC,18-Sep-13,12-Sep-13,12-Sep-13,ARV,Adult,SCMS from RDC,"Lamivudine/Nevirapine/Zidovudine 150/200/300mg, tablets, 60 Tabs",Lamivudine/Nevirapine/Zidovudine,Generic,150/300/200mg,Tablet - FDC,60,7456,63972.48,8.58,0.14,Mylan (formerly Matrix) Nashik,No,See DN-3324 (ID#:84854),See DN-3324 (ID#:84854),79.13
85150,106-HT-T30,FPQ-5523,SO-36741,DN-2015,Haiti,PMO - US,From RDC,N/A - From RDC,Air,4/19/2010,N/A - From RDC,30-Sep-10,7-Oct-10,7-Oct-10,ARV,Adult,SCMS from RDC,"Lamivudine/Zidovudine 150/300mg, tablets, 60 Tabs",Lamivudine/Zidovudine,Generic,150/300mg,Tablet - FDC,60,52752,451029.6,8.55,0.14,Hetero Unit III Hyderabad IN,No,See DN-2015 (ID#:82917),See DN-2015 (ID#:82917),972.42
84214,114-UG-T30,FPQ-10328,SO-42810,DN-2977,Uganda,PMO - US,From RDC,N/A - From RDC,Truck,7/11/2012,N/A - From RDC,5-Feb-13,5-Feb-13,5-Feb-13,ARV,Adult,SCMS from RDC,"Efavirenz/Lamivudine/Tenofovir Disoproxil Fumarate 600/300/300mg, tablets, 30 Tabs",Efavirenz/Lamivudine/Tenofovir Disoproxil Fumarate,Generic,600/300/300mg,Tablet - FDC,30,112873,1366892.03,12.11,0.4,Mylan (formerly Matrix) Nashik,Yes,12838,111318.14,1916.38
305,123-NG-T01,Pre-PQ Process,SCMS-15550,ASN-1269,Nigeria,PMO - US,Direct Drop,EXW,Air,Pre-PQ Process,Date Not Captured,5-Feb-08,5-Feb-08,5-Feb-08,HRDT,HIV test - Ancillary,"Orgenics, Ltd","HIV, Lancet, Safety, for HIV Test kits, 100 Pcs","HIV, Lancet, Safety, for HIV Test kits, 100 Pcs",Generic,,Test kit - Ancillary,100,650,6.5,0.01,0.0,Inverness Japan,Yes,Weight Captured Separately,Invoiced Separately,0.01
81888,133-NG-T30,FPQ-12812,SCMS-210351,ASN-23947,Nigeria,PMO - US,Direct Drop,EXW,Air,8/13/2013,11/1/2013,18-Feb-14,13-Feb-14,12-Mar-14,HRDT,HIV test,"Orgenics, Ltd","HIV 1/2, Determine Complete HIV Kit, 100 Tests","HIV 1/2, Determine Complete HIV Kit",Determine,,Test kit,100,9363,833307.0,89.0,0.89,"Alere Medical Co., Ltd.",Yes,3800,58592.54,1030.8
53272,133-NG-T30,FPQ-12812,SCMS-210330,ASN-23441,Nigeria,PMO - US,Direct Drop,EXW,Air,8/13/2013,10/15/2013,24-Jan-14,24-Jan-14,5-Feb-14,HRDT,HIV test,"Trinity Biotech, Plc","HIV 1/2, Uni-Gold HIV Kit, 20 Tests","HIV 1/2, Uni-Gold HIV Kit",Uni-Gold,,Test kit,20,31842,1018944.0,32.0,1.6,"Trinity Biotech, Plc",Yes,9312,77833.24,1260.43
12252,114-UG-T01,Pre-PQ Process,SO-17900,DN-987,Uganda,PMO - US,From RDC,N/A - From RDC,Air,Pre-PQ Process,N/A - From RDC,6-Jan-09,6-Jan-09,6-Jan-09,ARV,Adult,SCMS from RDC,"Lamivudine/Nevirapine/Zidovudine 150/200/300mg, tablets, 60 Tabs",Lamivudine/Nevirapine/Zidovudine,Generic,150/300/200mg,Tablet - FDC,60,5131,60545.8,11.8,0.2,"Aurobindo Unit III, India",Yes,691,8252.73,118.67
85765,105-GY-T30,FPQ-7621,SO-39720,DN-2231,Guyana,PMO - US,From RDC,N/A - From RDC,Air,5/4/2011,N/A - From RDC,27-Oct-11,15-Jun-11,15-Jun-11,ARV,Pediatric,SCMS from RDC,"Abacavir 20mg/ml, oral solution w/syringe, Bottle, 240 ml",Abacavir,Generic,20mg/ml,Oral solution,240,178,2438.6,13.7,0.06,"Aurobindo Unit III, India",No,See DN-2231 (ID#:82385),See DN-2231 (ID#:82385),4.02
44597,101-CD-T30,FPQ-16001,SCMS-280210,ASN-31750,"Congo, DRC",PMO - US,Direct Drop,EXW,Air,3/10/2015,3/16/2015,2-Jul-15,2-Jul-15,30-Jul-15,HRDT,HIV test,"Trinity Biotech, Plc","HIV 1/2, Uni-Gold HIV Kit, 20 Tests","HIV 1/2, Uni-Gold HIV Kit",Uni-Gold,,Test kit,20,39,1248.0,32.0,1.6,"Trinity Biotech, Plc",No,See ASN-31750 (ID#:19272),See ASN-31750 (ID#:19272),1.47
86699,103-SS-T30,FPQ-14574,SO-49370,DN-3891,South Sudan,PMO - US,From RDC,N/A - From RDC,Air,7/14/2014,N/A - From RDC,2-Oct-14,17-Oct-14,13-Nov-14,ARV,Adult,SCMS from RDC,"Efavirenz 600mg, tablets, 30 Tabs",Efavirenz,Generic,600mg,Tablet,30,4488,14406.48,3.21,0.11,"Cipla, Goa, India",No,See DN-3891 (ID#:86103),See DN-3891 (ID#:86103),14.81
82493,110-ZM-T30,FPQ-9472,SO-41720,DN-2763,Zambia,PMO - US,From RDC,N/A - From RDC,Truck,3/8/2012,N/A - From RDC,31-Jul-12,1-Aug-12,1-Aug-12,ARV,Adult,SCMS from RDC,"Abacavir 300mg, tablets, 60 Tabs",Abacavir,Generic,300mg,Tablet,60,2548,33022.08,12.96,0.22,"Aurobindo Unit III, India",Yes,3090,11188.53,46.3
43060,133-NG-T30,FPQ-10765,SCMS-162440,ASN-18174,Nigeria,PMO - US,Direct Drop,EXW,Air,10/5/2012,10/16/2012,9-Jan-13,26-Feb-13,26-Feb-13,HRDT,HIV test,"Orgenics, Ltd","HIV 1/2, Determine Complete HIV Kit, 100 Tests","HIV 1/2, Determine Complete HIV Kit",Determine,,Test kit,100,1960,174440.0,89.0,0.89,"Alere Medical Co., Ltd.",Yes,882,Freight Included in Commodity Cost,244.56
83291,114-UG-T30,FPQ-14396,SO-48993,DN-4041,Uganda,PMO - US,From RDC,N/A - From RDC,Truck,6/4/2014,N/A - From RDC,16-Feb-15,24-Jan-15,3-Feb-15,ARV,Adult,SCMS from RDC,"Efavirenz/Lamivudine/Tenofovir Disoproxil Fumarate 600/300/300mg, tablets, 30 Tabs",Efavirenz/Lamivudine/Tenofovir Disoproxil Fumarate,Generic,600/300/300mg,Tablet - FDC,30,29247,315282.66,10.78,0.36,"Aurobindo Unit VII, IN",Yes,5324,8248.28,324.11
85188,109-TZ-T30,FPQ-6713,SO-39440,DN-2207,Tanzania,PMO - US,From RDC,N/A - From RDC,Truck,12/2/2010,N/A - From RDC,28-Apr-11,1-Jun-11,1-Jun-11,ARV,Adult,SCMS from RDC,"Efavirenz/Emtricitabine/Tenofovir Disoproxil Fumarate 600/200/300mg, tablets, 30 Tabs",Efavirenz/Emtricitabine/Tenofovir Disoproxil Fumarate,Generic,600/200/300mg,Tablet - FDC,30,28200,561744.0,19.92,0.66,Mylan (formerly Matrix) Nashik,Yes,3076,3859,926.88
8023,102-NG-T01,Pre-PQ Process,SCMS-587,ASN-417,Nigeria,PMO - US,Direct Drop,EXW,Air,Pre-PQ Process,4/30/2007,31-May-07,31-May-07,31-May-07,HRDT,HIV test,Abbott GmbH & Co. KG,"HIV 1/2, Determine Complete HIV Kit, 100 Tests","HIV 1/2, Determine Complete HIV Kit",Determine,,Test kit,100,2500,200000.0,80.0,0.8,ABBVIE GmbH & Co.KG Wiesbaden,Yes,851,5469.91,
6450,104-CI-T01,Pre-PQ Process,SCMS-42590,ASN-4326,Côte d'Ivoire,PMO - US,Direct Drop,EXW,Air,Pre-PQ Process,5/27/2009,14-Jul-09,14-Jul-09,14-Jul-09,HRDT,HIV test,"Orgenics, Ltd","HIV 1/2, Determine HIV Kit, without Lancets, 100 Tests","HIV 1/2, Determine HIV Kit, without Lancets",Determine,,Test kit,100,800,56000.0,70.0,0.7,Inverness Japan,Yes,182,3272.6,109.76
32405,161-ZA-T30,FPQ-7175,SCMS-103850,ASN-10872,South Africa,PMO - US,Direct Drop,DDP,Ocean,3/10/2011,3/28/2011,14-Jul-11,14-Jul-11,14-Jul-11,ARV,Adult,CIPLA LIMITED,"Tenofovir Disoproxil Fumarate 300mg, tablets, 30 Tabs",Tenofovir Disoproxil Fumarate,Generic,300mg,Tablet,30,113000,731110.0,6.47,0.22,"Cipla, Goa, India",Yes,7569,11986.59,1206.33
76004,105-SS-T30,FPQ-14470,SCMS-245230,ASN-27241,South Sudan,PMO - US,Direct Drop,EXW,Air,6/17/2014,7/1/2014,29-Sep-14,29-Sep-14,30-Sep-14,HRDT,HIV test,"Trinity Biotech, Plc","HIV 1/2, Uni-Gold HIV Kit, 20 Tests","HIV 1/2, Uni-Gold HIV Kit",Uni-Gold,,Test kit,20,18,576.0,32.0,1.6,"Trinity Biotech, Plc",No,See ASN-27241 (ID#:23488),See ASN-27241 (ID#:23488),0.59
84236,110-ZM-T30,FPQ-11553,SO-44472,DN-3052,Zambia,PMO - US,From RDC,N/A - From RDC,Truck,1/28/2013,N/A - From RDC,25-Jun-13,15-Mar-13,15-Mar-13,ARV,Adult,SCMS from RDC,"Nevirapine 200mg, tablets, 60 Tabs",Nevirapine,Generic,200mg,Tablet,60,25991,58739.66,2.26,0.04,"Aurobindo Unit III, India",Yes,2504,12315.5,72.66
75229,110-ZM-T30,FPQ-8315,SCMS-120580,ASN-13542,Zambia,PMO - US,Direct Drop,EXW,Air,8/31/2011,9/19/2011,9-Mar-12,9-Mar-12,9-Mar-12,HRDT,HIV test,"Trinity Biotech, Plc","HIV 1/2, Uni-Gold HIV Kit, 20 Tests","HIV 1/2, Uni-Gold HIV Kit",Uni-Gold,,Test kit,20,5000,160000.0,32.0,1.6,"Trinity Biotech, Plc",Yes,1647,20626.58,264.0
54501,109-TZ-T30,FPQ-13675,SCMS-225870,ASN-25988,Tanzania,PMO - US,Direct Drop,EXW,Air,2/3/2014,3/5/2014,15-Jul-14,15-Jul-14,12-Aug-14,HRDT,HIV test,"Orgenics, Ltd","HIV 1/2, Determine Complete HIV Kit, 100 Tests","HIV 1/2, Determine Complete HIV Kit",Determine,,Test kit,100,350,28000.0,80.0,0.8,"Alere Medical Co., Ltd.",Yes,144,2631.39,28.78
70823,114-UG-T30,FPQ-11141,SCMS-171970,ASN-20132,Uganda,PMO - US,Direct Drop,FCA,Air,12/13/2012,1/11/2013,5-Jul-13,5-Jul-13,5-Jul-13,ARV,Adult,ABBVIE LOGISTICS (FORMERLY ABBOTT LOGISTICS BV),"Ritonavir 100mg [Norvir], film coated tablets, 60 Tabs",Ritonavir,Norvir,100mg,Tablet,60,337,2308.45,6.85,0.11,ABBVIE Ludwigshafen Germany,Yes,55,1013.7,2.86
71439,161-ZA-T30,FPQ-6262,SCMS-84250,ASN-9007,South Africa,PMO - US,Direct Drop,DDP,Ocean,8/31/2010,9/21/2010,15-Dec-10,15-Dec-10,15-Dec-10,ARV,Adult,STRIDES ARCOLAB LIMITED,"Lamivudine 150mg, tablets, 60 Tabs",Lamivudine,Generic,150mg,Tablet,60,164908,407322.76,2.47,0.04,"Strides, Bangalore, India.",Yes,8048,12225.76,878.19
54955,116-ZA-T30,FPQ-5630,SCMS-72760,ASN-7111,South Africa,PMO - US,Direct Drop,DDP,Truck,4/30/2010,5/5/2010,12-May-10,12-May-10,12-May-10,ARV,Pediatric,S. BUYS WHOLESALER,"Nevirapine 10mg/ml [Viramune], oral suspension, Bottle, 240 ml",Nevirapine,Viramune,10mg/ml,Oral suspension,240,20,310.55,15.53,0.06,Boehringer Ingelheim Roxane US,No,Weight Captured Separately,Freight Included in Commodity Cost,0.67
610,108-VN-T01,Pre-PQ Process,SCMS-26180,ASN-2274,Vietnam,PMO - US,Direct Drop,EXW,Air,Pre-PQ Process,7/1/2008,19-Sep-08,19-Sep-08,19-Sep-08,ARV,Adult,Aurobindo Pharma Limited,"Lamivudine 150mg, tablets, 60 Tabs",Lamivudine,Generic,150mg,Tablet,60,38640,92736.0,2.4,0.04,"Aurobindo Unit III, India",Yes,2719,18614.72,148.38
82387,151-NG-T30,FPQ-7217,SO-39850,DN-2245,Nigeria,PMO - US,From RDC,N/A - From RDC,Air Charter,2/21/2011,N/A - From RDC,15-Jun-11,6-Jul-11,6-Jul-11,ARV,Pediatric,SCMS from RDC,"Efavirenz 200mg, capsule, 90 Caps",Efavirenz,Generic,200mg,Capsule,90,1280,12403.2,9.69,0.11,"Aurobindo Unit III, India",Yes,177,13398.06,20.47
32742,108-VN-T30,FPQ-6818,SCMS-97850,ASN-11024,Vietnam,PMO - US,Direct Drop,EXW,Air,1/17/2011,2/15/2011,22-Jun-11,22-Jun-11,22-Jun-11,ARV,Adult,MYLAN LABORATORIES LTD (FORMERLY MATRIX LABORATORIES),"Zidovudine 300mg, tablets, 60 Tabs",Zidovudine,Generic,300mg,Tablet,60,1416,10266.0,7.25,0.12,Mylan (formerly Matrix) Nashik,No,See ASN-11024 (ID#:15149),See ASN-11024 (ID#:15149),16.94
26843,102-SD-T30,FPQ-8261,SCMS-120463,ASN-12332,Sudan,PMO - US,Direct Drop,EXW,Air,8/29/2011,9/7/2011,11-Jan-12,11-Jan-12,11-Jan-12,HRDT,HIV test,"Trinity Biotech, Plc","HIV 1/2, Uni-Gold HIV Kit, 20 Tests","HIV 1/2, Uni-Gold HIV Kit",Uni-Gold,,Test kit,20,11,352.0,32.0,1.6,"Trinity Biotech, Plc",Yes,5,578.73,0.58
83081,900-SS-T30,FPQ-10517,SO-43070,DN-2858,South Sudan,PMO - US,From RDC,N/A - From RDC,Air,8/17/2012,N/A - From RDC,15-Nov-12,23-Oct-12,23-Oct-12,ARV,Adult,SCMS from RDC,"Zidovudine 300mg, tablets, 60 Tabs",Zidovudine,Generic,300mg,Tablet,60,9360,63273.6,6.76,0.11,Hetero Unit III Hyderabad IN,No,See DN-2858 (ID#:82511),See DN-2858 (ID#:82511),88.71
85341,105-GY-T30,FPQ-11546,SO-44530,DN-3059,Guyana,PMO - US,From RDC,N/A - From RDC,Truck,1/28/2013,N/A - From RDC,18-Apr-13,15-Mar-13,15-Mar-13,ARV,Adult,SCMS from RDC,"Lamivudine 150mg, tablets, 60 Tabs",Lamivudine,Generic,150mg,Tablet,60,529,1052.71,1.99,0.03,Hetero Unit III Hyderabad IN,No,See DN-3059 (ID#:82560),See DN-3059 (ID#:82560),1.3
3898,116-ZA-T01,Pre-PQ Process,SCMS-47051,ASN-4836,South Africa,PMO - US,Direct Drop,DDP,Truck,Pre-PQ Process,6/5/2009,12-Oct-09,28-Jul-09,28-Jul-09,ARV,Adult,S. BUYS WHOLESALER,"Saquinavir 200mg [Invirase], capsules, 270 Caps",Saquinavir,Invirase,200mg,Capsule,270,30,2298.0,76.6,0.28,Roche Basel,No,Weight Captured Separately,Freight Included in Commodity Cost,4.5
86010,151-NG-T30,FPQ-11771,SO-44753,DN-3364,Nigeria,PMO - US,From RDC,N/A - From RDC,Air Charter,2/28/2013,N/A - From RDC,31-Oct-13,14-Oct-13,24-Oct-13,ARV,Adult,SCMS from RDC,"Lopinavir/Ritonavir 200/50mg [Aluvia], tablets, 120 Tabs",Lopinavir/Ritonavir,Aluvia,200/50mg,Tablet,120,56260,1137577.2,20.22,0.17,ABBVIE Ludwigshafen Germany,Yes,12427,20225.08,1407.18
7327,116-ZA-T01,Pre-PQ Process,SCMS-28830,ASN-2503,South Africa,PMO - US,Direct Drop,DDP,Truck,Pre-PQ Process,Date Not Captured,25-Aug-08,14-Aug-08,14-Aug-08,ARV,Adult,S. BUYS WHOLESALER,"Lamivudine 150mg [Epivir], tablets, 60 Tabs",Lamivudine,Epivir,150mg,Tablet,60,1500,7965.0,5.31,0.09,GSK Cape Town Factory (South Africa),No,Weight Captured Separately,Freight Included in Commodity Cost,12.74
72263,161-ZA-T30,FPQ-5303,SCMS-68910,ASN-7469,South Africa,PMO - US,Direct Drop,DDP,Air,3/18/2010,3/19/2010,24-Aug-10,24-Aug-10,24-Aug-10,ARV,Adult,Aurobindo Pharma Limited,"Efavirenz 600mg, tablets, 30 Tabs",Efavirenz,Generic,600mg,Tablet,30,56970,266049.9,4.67,0.16,"Aurobindo Unit III, India",Yes,4822,5886.9,573.6
85464,111-MZ-T30,FPQ-13123,SO-47085,DN-3652,Mozambique,PMO - US,From RDC,N/A - From RDC,Truck,10/21/2013,N/A - From RDC,16-Jun-14,23-May-14,13-Jun-14,ARV,Adult,SCMS from RDC,"Lamivudine/Nevirapine/Zidovudine 150/200/300mg, tablets, 60 Tabs",Lamivudine/Nevirapine/Zidovudine,Generic,150/300/200mg,Tablet - FDC,60,100000,811000.0,8.11,0.14,"Aurobindo Unit III, India",No,See DN-3652 (ID#:85463),See DN-3652 (ID#:85463),833.71
85660,106-HT-T30,FPQ-4384,SO-34690,DN-1673,Haiti,PMO - US,From RDC,N/A - From RDC,Air,10/23/2009,N/A - From RDC,15-Mar-10,15-Mar-10,15-Mar-10,ARV,Pediatric,SCMS from RDC,"Efavirenz 50mg, capsule, 30 Caps",Efavirenz,Generic,50mg,Capsule,30,68,152.32,2.24,0.07,"Aurobindo Unit III, India",No,See DN-1673 (ID#:83983),See DN-1673 (ID#:83983),0.33
51346,116-ZA-T30,FPQ-15269,SCMS-267020,ASN-29764,South Africa,PMO - US,Direct Drop,DDP,Truck,10/29/2014,12/10/2014,10-Dec-14,10-Dec-14,10-Dec-14,ARV,Adult,S. BUYS WHOLESALER,"Lopinavir/Ritonavir 200/50mg [Aluvia], tablets, 120 Tabs",Lopinavir/Ritonavir,Aluvia,200/50mg,Tablet,120,47,971.91,20.68,0.17,ABBVIE Ludwigshafen Germany,No,Weight Captured Separately,Freight Included in Commodity Cost,1.14
11314,106-HT-T01,Pre-PQ Process,SO-24830,DN-1205,Haiti,PMO - US,From RDC,N/A - From RDC,Air,Pre-PQ Process,N/A - From RDC,19-May-09,19-May-09,19-May-09,ARV,Pediatric,SCMS from RDC,"Efavirenz 200mg, capsule, 90 Caps",Efavirenz,Generic,200mg,Capsule,90,420,6409.2,15.26,0.17,"Aurobindo Unit III, India",Yes,199,3133.23,12.56
86389,105-GY-T30,FPQ-7621,SO-39720,DN-2231,Guyana,PMO - US,From RDC,N/A - From RDC,Air,5/4/2011,N/A - From RDC,27-Oct-11,15-Jun-11,15-Jun-11,ARV,Adult,SCMS from RDC,"Zidovudine 300mg, tablets, 60 Tabs",Zidovudine,Generic,300mg,Tablet,60,917,6437.34,7.02,0.12,"Aurobindo Unit III, India",No,See DN-2231 (ID#:82385),See DN-2231 (ID#:82385),10.62
15142,161-ZA-T30,FPQ-5303,SCMS-68940,ASN-7597,South Africa,PMO - US,Direct Drop,DDP,Air,3/18/2010,3/19/2010,7-Sep-10,7-Sep-10,7-Sep-10,ARV,Adult,Aurobindo Pharma Limited,"Efavirenz 600mg, tablets, 30 Tabs",Efavirenz,Generic,600mg,Tablet,30,11510,53751.7,4.67,0.16,"Aurobindo Unit III, India",Yes,993,4263.07,115.89
84776,109-TZ-T30,FPQ-10545,SO-43110,DN-2963,Tanzania,PMO - US,From RDC,N/A - From RDC,Truck,8/24/2012,N/A - From RDC,28-Feb-13,18-Feb-13,18-Feb-13,ARV,Pediatric,SCMS from RDC,"Lamivudine/Nevirapine/Stavudine 60/100/12mg, dispersible tablets, 60 Tabs",Lamivudine/Nevirapine/Stavudine,Generic,60/100/12mg,Chewable/dispersible tablet - FDC,60,10727,46126.1,4.3,0.07,"Cipla, Goa, India",Yes,945,7579.6,64.67
47923,113-ZW-T30,FPQ-3998,SCMS-50150,ASN-4753,Zimbabwe,PMO - US,Direct Drop,EXW,Air,7/14/2009,7/25/2009,7-Sep-09,7-Sep-09,7-Sep-09,HRDT,HIV test,"Orgenics, Ltd","HIV 1/2, Determine Complete HIV Kit, 100 Tests","HIV 1/2, Determine Complete HIV Kit",Determine,,Test kit,100,1000,72000.0,72.0,0.72,Inverness Japan,Yes,324,3791.81,141.12
11716,102-NG-T01,Pre-PQ Process,SO-473,DN-116,Nigeria,PMO - US,From RDC,N/A - From RDC,,Pre-PQ Process,N/A - From RDC,30-Apr-07,30-Apr-07,30-Apr-07,HRDT,HIV test,SCMS from RDC,"HIV 1/2, Stat-Pak HIV, Kit, 20 Tests","HIV 1/2, Stat-Pak HIV, Kit",Stat-Pak,,Test kit,20,5250,141750.0,27.0,1.35,Chembio Diagnostics Sys. Inc.,Yes,1699,8526.94,
39823,116-ZA-T30,FPQ-15269,SCMS-267020,ASN-29764,South Africa,PMO - US,Direct Drop,DDP,Truck,10/29/2014,12/10/2014,10-Dec-14,10-Dec-14,10-Dec-14,ARV,Adult,S. BUYS WHOLESALER,"Lamivudine/Zidovudine 150/300mg, tablets, 60 Tabs",Lamivudine/Zidovudine,Generic,150/300mg,Tablet - FDC,60,225,5964.4,26.51,0.44,"Cipla, Goa, India",No,Weight Captured Separately,Freight Included in Commodity Cost,7.02
5646,123-NG-T01,Pre-PQ Process,SCMS-18740,ASN-1553,Nigeria,PMO - US,Direct Drop,EXW,Air,Pre-PQ Process,3/11/2008,8-May-08,7-Apr-08,7-Apr-08,HRDT,HIV test - Ancillary,"Orgenics, Ltd","HIV, Lancet, Safety, for HIV Test kits, 100 Pcs","HIV, Lancet, Safety, for HIV Test kits, 100 Pcs",Generic,,Test kit - Ancillary,100,285,2.85,0.01,0.0,Inverness Japan,Yes,Weight Captured Separately,Invoiced Separately,0.0
32306,108-VN-T30,FPQ-15040,SCMS-263660,ASN-30941,Vietnam,PMO - US,Direct Drop,EXW,Air,10/30/2014,12/8/2014,31-Mar-15,31-Mar-15,1-Apr-15,ARV,Adult,HETERO LABS LIMITED,"Efavirenz 600mg, tablets, 30 Tabs",Efavirenz,Generic,600mg,Tablet,30,2800,9800.0,3.5,0.12,Hetero Unit III Hyderabad IN,Yes,953,1593.67,10.07
85695,106-HT-T30,FPQ-5523,SO-36760,DN-1964,Haiti,PMO - US,From RDC,N/A - From RDC,Air,4/19/2010,N/A - From RDC,10-Aug-10,23-Aug-10,23-Aug-10,ARV,Pediatric,SCMS from RDC,"Lamivudine 10mg/ml, oral solution, Bottle, 240 ml",Lamivudine,Generic,10mg/ml,Oral solution,240,3584,6917.12,1.93,0.01,"Cipla, Goa, India",No,See DN-1964 (ID#:82908),See DN-1964 (ID#:82908),14.91
85667,151-NG-T30,FPQ-4537,SO-35071,DN-1730,Nigeria,PMO - US,From RDC,N/A - From RDC,Air Charter,11/6/2009,N/A - From RDC,19-Apr-10,31-Mar-10,31-Mar-10,ARV,Adult,SCMS from RDC,"Emtricitabine/Tenofovir Disoproxil Fumarate 200/300mg, tablets, 30 Tabs",Emtricitabine/Tenofovir Disoproxil Fumarate,Generic,200/300mg,Tablet - FDC,30,31000,364250.0,11.75,0.39,Mylan (formerly Matrix) Nashik,Yes,2501,Freight Included in Commodity Cost,785.32
11303,117-ET-T01,Pre-PQ Process,SO-22050,DN-1105,Ethiopia,PMO - US,From RDC,N/A - From RDC,Air,Pre-PQ Process,N/A - From RDC,20-Mar-09,20-Mar-09,20-Mar-09,ARV,Adult,SCMS from RDC,"Lamivudine/Nevirapine/Zidovudine 150/200/300mg, tablets, 60 Tabs",Lamivudine/Nevirapine/Zidovudine,Generic,150/300/200mg,Tablet - FDC,60,11188,132018.4,11.8,0.2,Mylan (formerly Matrix) Nashik,Yes,1435,9138,258.76
2687,108-VN-T01,Pre-PQ Process,SCMS-169,ASN-272,Vietnam,PMO - US,Direct Drop,EXW,Air,Pre-PQ Process,11/15/2006,14-Mar-07,14-Mar-07,14-Mar-07,ARV,Pediatric,CIPLA LIMITED,"Lamivudine 10mg/ml, oral solution, Bottle, 240 ml",Lamivudine,Generic,10mg/ml,Oral solution,240,1000,2440.0,2.44,0.01,"Cipla, Goa, India",No,See ASN-272 (ID#:1282),See ASN-272 (ID#:1282),
85686,151-NG-T30,FPQ-5023,SO-36521,DN-1922,Nigeria,PMO - US,From RDC,N/A - From RDC,Air,2/10/2010,N/A - From RDC,15-Jul-10,28-Jun-10,28-Jun-10,ARV,Pediatric,SCMS from RDC,"Efavirenz 200mg, capsule, 90 Caps",Efavirenz,Generic,200mg,Capsule,90,500,4855.0,9.71,0.11,"Aurobindo Unit III, India",Yes,60,Freight Included in Commodity Cost,10.47
12690,100-ZW-T01,Pre-PQ Process,SO-898,DN-357,Zimbabwe,PMO - US,From RDC,N/A - From RDC,Truck,Pre-PQ Process,N/A - From RDC,18-Sep-07,18-Sep-07,18-Sep-07,ARV,Adult,SCMS from RDC,"Lamivudine/Zidovudine 150/300mg, tablets, 60 Tabs",Lamivudine/Zidovudine,Generic,150/300mg,Tablet - FDC,60,1560,14820.0,9.5,0.16,"Aurobindo Unit III, India",Yes,90,1106,23.71
82732,111-MZ-T30,FPQ-13575,SO-47700,DN-3939,Mozambique,PMO - US,From RDC,N/A - From RDC,Truck,1/17/2014,N/A - From RDC,31-Oct-14,30-Oct-14,13-Nov-14,ARV,Adult,SCMS from RDC,"Lamivudine/Nevirapine/Zidovudine 150/200/300mg, tablets, 60 Tabs",Lamivudine/Nevirapine/Zidovudine,Generic,150/300/200mg,Tablet - FDC,60,106754,881788.04,8.26,0.14,"Cipla, Goa, India",Yes,28021,19662.09,906.48
38590,107-RW-T30,FPQ-4954,SCMS-64480,ASN-7476,Rwanda,PMO - US,Direct Drop,CIP,Air,1/29/2010,2/9/2010,13-Jul-10,13-Jul-10,13-Jul-10,ARV,Adult,Aurobindo Pharma Limited,"Didanosine 250mg, delayed-release capsules, 30 Caps",Didanosine,Generic,250mg,Delayed-release capsules,30,599,7966.7,13.3,0.44,"Aurobindo Unit III, India",Yes,41,717,17.18
83303,104-CI-T30,FPQ-14370,SO-49053,DN-4094,Côte d'Ivoire,PMO - US,From RDC,N/A - From RDC,Truck,5/23/2014,N/A - From RDC,16-Feb-15,12-Mar-15,13-Mar-15,ARV,Adult,SCMS from RDC,"Lamivudine/Tenofovir Disoproxil Fumarate 300/300mg, tablets, 30 Tabs",Lamivudine/Tenofovir Disoproxil Fumarate,Generic,300/300mg,Tablet - FDC,30,30000,138900.0,4.63,0.15,"Cipla, Kurkumbh, India",Yes,3000,12748.74,142.79
82520,900-CM-T30,FPQ-10641,SO-43380,DN-2887,Cameroon,PMO - US,From RDC,N/A - From RDC,Air Charter,9/19/2012,N/A - From RDC,7-Nov-12,17-Oct-12,17-Oct-12,ARV,Adult,SCMS from RDC,"Lamivudine/Tenofovir Disoproxil Fumarate 300/300mg, tablets, 30 Tabs",Lamivudine/Tenofovir Disoproxil Fumarate,Generic,300/300mg,Tablet - FDC,30,10000,53600.0,5.36,0.18,"Cipla, Kurkumbh, India",Yes,4486,76176.43,75.15
62400,107-RW-T30,FPQ-3859,SCMS-48860,ASN-7668,Rwanda,PMO - US,Direct Drop,CIP,Air,6/30/2009,7/16/2009,4-Aug-10,4-Aug-10,4-Aug-10,ARV,Adult,Aurobindo Pharma Limited,"Didanosine 400mg, delayed-release capsules, 30 Caps",Didanosine,Generic,400mg,Delayed-release capsules,30,559,12532.78,22.42,0.75,"Aurobindo Unit III, India",Yes,46,1127.95,24.56
85735,151-NG-T30,FPQ-6243,SO-38390,DN-2101,Nigeria,PMO - US,From RDC,N/A - From RDC,Air Charter,8/25/2010,N/A - From RDC,17-Feb-11,16-Feb-11,16-Feb-11,ARV,Adult,SCMS from RDC,"Tenofovir Disoproxil Fumarate 300mg, tablets, 30 Tabs",Tenofovir Disoproxil Fumarate,Generic,300mg,Tablet,30,3000,19710.0,6.57,0.22,"Aurobindo Unit III, India",Yes,2252,43548,42.49
82871,151-NG-T30,FPQ-4537,SO-35095,DN-1745,Nigeria,PMO - US,From RDC,N/A - From RDC,Air Charter,11/6/2009,N/A - From RDC,19-Apr-10,30-Mar-10,30-Mar-10,ARV,Adult,SCMS from RDC,"Zidovudine 300mg, tablets, 60 Tabs",Zidovudine,Generic,300mg,Tablet,60,50,375.0,7.5,0.12,Mylan (formerly Matrix) Nashik,Yes,3,Freight Included in Commodity Cost,0.81
10342,116-ZA-T01,Pre-PQ Process,SCMS-40780,ASN-3607,South Africa,PMO - US,Direct Drop,DDP,Air,Pre-PQ Process,Date Not Captured,17-Mar-09,28-Nov-08,28-Nov-08,ARV,Pediatric,S. BUYS WHOLESALER,"Stavudine 1mg/ml [Zerit], powder for oral solution, Bottle, 200 ml",Stavudine,Zerit,1mg/ml,Powder for oral solution,200,180,210.6,1.17,0.01,"BMS Meymac, France",No,Weight Captured Separately,Freight Included in Commodity Cost,0.41
47937,108-VN-T30,FPQ-13034,SCMS-210150,ASN-24570,Vietnam,PMO - US,Direct Drop,EXW,Air,10/4/2013,10/10/2013,22-Apr-14,22-Apr-14,22-Apr-14,ARV,Adult,HETERO LABS LIMITED,"Efavirenz/Lamivudine/Tenofovir Disoproxil Fumarate 600/300/300mg, tablets, 30 Tabs",Efavirenz/Lamivudine/Tenofovir Disoproxil Fumarate,Generic,600/300/300mg,Tablet - FDC,30,24192,254016.0,10.5,0.35,Hetero Unit III Hyderabad IN,Yes,3385,8764.53,314.22
12671,104-CI-T01,Pre-PQ Process,SO-815,DN-262,Côte d'Ivoire,PMO - US,From RDC,N/A - From RDC,,Pre-PQ Process,N/A - From RDC,3-Aug-07,3-Aug-07,3-Aug-07,ARV,Adult,SCMS from RDC,"Lamivudine 150mg, tablets, 60 Tabs",Lamivudine,Generic,150mg,Tablet,60,22047,67022.88,3.04,0.05,"Ranbaxy, Paonta Shahib, India",Yes,1057,3348,107.24
85763,104-CI-T30,FPQ-6495,SO-39670,DN-2232,Côte d'Ivoire,PMO - US,From RDC,N/A - From RDC,Air,10/4/2010,N/A - From RDC,16-May-11,20-Jun-11,20-Jun-11,ARV,Pediatric,SCMS from RDC,"Nevirapine 10mg/ml, oral suspension w/syringe, Bottle, 240 ml",Nevirapine,Generic,10mg/ml,Oral suspension,240,3500,6825.0,1.95,0.01,"Aurobindo Unit III, India",Yes,1313,5597.54,14.71
76298,101-KE-T30,FPQ-10314,SCMS-153910,ASN-17659,Kenya,PMO - US,Direct Drop,CIP,Air,7/12/2012,11/6/2012,28-Feb-13,28-Feb-13,28-Feb-13,HRDT,HIV test,"Orgenics, Ltd","HIV 1/2, Determine Complete HIV Kit, 100 Tests","HIV 1/2, Determine Complete HIV Kit",Determine,,Test kit,100,6152,547528.0,89.0,0.89,"Alere Medical Co., Ltd.",Yes,1059,91.67,767.63
37496,111-MZ-T30,FPQ-13775,SCMS-229680,ASN-25195,Mozambique,PMO - US,Direct Drop,EXW,Air,2/21/2014,2/28/2014,13-Jun-14,13-Jun-14,13-Jun-14,HRDT,HIV test,"Trinity Biotech, Plc","HIV 1/2, Uni-Gold HIV Kit, 20 Tests","HIV 1/2, Uni-Gold HIV Kit",Uni-Gold,,Test kit,20,286,9152.0,32.0,1.6,"Trinity Biotech, Plc",Yes,88,1088.93,9.41
11495,112-NG-T01,Pre-PQ Process,SO-567,DN-475,Nigeria,PMO - US,From RDC,N/A - From RDC,Air,Pre-PQ Process,N/A - From RDC,3-Dec-07,3-Dec-07,3-Dec-07,ARV,Pediatric,SCMS from RDC,"Zidovudine 10mg/ml, oral solution, Bottle, 240 ml",Zidovudine,Generic,10mg/ml,Oral solution,240,1752,6920.4,3.95,0.02,"Aurobindo Unit III, India",No,See DN-475 (ID#:10642),See DN-475 (ID#:10642),11.07
59017,102-BW-T30,FPQ-6645,SCMS-92620,ASN-9373,Botswana,PMO - US,Direct Drop,EXW,Air,11/11/2010,12/2/2010,4-Feb-11,4-Feb-11,4-Feb-11,HRDT,HIV test,Premier Medical Corporation Ltd.,"HIV 1/2/O, First Response HIV 1-2.0, v.3.0 Cards Kit, 30 Tests","HIV 1/2/O, First Response HIV 1-2.0, v.3.0 Cards Kit",First Response,,Test kit,30,34,765.0,22.5,0.75,Premier Med. Corp Ltd. India,Yes,13,766.62,1.26
52945,106-HT-T30,FPQ-11442,SCMS-177161,ASN-19232,Haiti,PMO - US,Direct Drop,EXW,Ocean,1/30/2013,3/7/2013,25-Jul-13,25-Jul-13,25-Jul-13,ARV,Adult,HETERO LABS LIMITED,"Lamivudine/Nevirapine/Zidovudine 150/200/300mg, tablets, 60 Tabs",Lamivudine/Nevirapine/Zidovudine,Generic,150/300/200mg,Tablet - FDC,60,30096,247088.16,8.21,0.14,Hetero Unit III Hyderabad IN,Yes,4278,7567.99,305.65
12599,151-NG-T01,Pre-PQ Process,SO-32640,DN-1342,Nigeria,PMO - US,From RDC,N/A - From RDC,Air Charter,Date Not Captured,N/A - From RDC,4-Aug-09,4-Aug-09,4-Aug-09,ARV,Adult,SCMS from RDC,"Lamivudine/Nevirapine/Zidovudine 150/200/300mg, tablets, 60 Tabs",Lamivudine/Nevirapine/Zidovudine,Generic,150/300/200mg,Tablet - FDC,60,23670,269838.0,11.4,0.19,"Aurobindo Unit III, India",Yes,2666,7445.8,528.88
83429,106-HT-T30,FPQ-4384,SO-34660,DN-1837,Haiti,PMO - US,From RDC,N/A - From RDC,Air,10/23/2009,N/A - From RDC,31-May-10,1-Jun-10,1-Jun-10,ARV,Adult,SCMS from RDC,"Lamivudine/Zidovudine 150/300mg, tablets, 60 Tabs",Lamivudine/Zidovudine,Generic,150/300mg,Tablet - FDC,60,34769,304576.44,8.76,0.15,Hetero Unit III Hyderabad IN,Yes,4176,1005.2,656.67
86112,104-CI-T30,FPQ-13295,SO-47350,DN-3800,Côte d'Ivoire,PMO - US,From RDC,N/A - From RDC,Truck,11/18/2013,N/A - From RDC,30-Jun-14,9-Jul-14,7-Aug-14,ARV,Adult,SCMS from RDC,"Abacavir/Lamivudine 600/300mg, tablets, 30 Tabs",Abacavir/Lamivudine,Generic,600/300mg,Tablet - FDC,30,2600,35152.0,13.52,0.45,"Cipla, Patalganga, India",Yes,235,814.06,36.14
3971,107-RW-T01,Pre-PQ Process,SCMS-290,ASN-191,Rwanda,PMO - US,Direct Drop,EXW,Air,Pre-PQ Process,12/29/2006,25-Jan-07,9-Mar-07,9-Mar-07,HRDT,HIV test,"Trinity Biotech, Plc","HIV 1/2, Uni-Gold HIV Kit, 20 Tests","HIV 1/2, Uni-Gold HIV Kit",Uni-Gold,,Test kit,20,500,20000.0,40.0,2.0,"Trinity Biotech, Plc",Yes,173,17928.53,
48519,105-SS-T30,FPQ-12623,SCMS-200910,ASN-22040,South Sudan,PMO - US,Direct Drop,EXW,Air,7/18/2013,8/5/2013,8-Nov-13,8-Nov-13,11-Nov-13,HRDT,HIV test - Ancillary,"Orgenics, Ltd","Capillary Tubes, for Determine, EDTA, 50uL,100 Pcs","HIV, Capillary Tubes, for Determine, EDTA, 50uL,100 Pcs",Determine,,Test kit - Ancillary,100,165,1320.0,8.0,0.08,"Alere Medical Co., Ltd.",No,See ASN-22040 (ID#:45178),See ASN-22040 (ID#:45178),1.63
84727,114-UG-T30,FPQ-9875,SO-42050,DN-2675,Uganda,PMO - US,From RDC,N/A - From RDC,Air,5/9/2012,N/A - From RDC,4-Jul-12,12-Jun-12,12-Jun-12,ARV,Adult,SCMS from RDC,"Nevirapine 200mg, tablets, 60 Tabs",Nevirapine,Generic,200mg,Tablet,60,12974,31656.56,2.44,0.04,Mylan (formerly Matrix) Nashik,No,See DN-2675 (ID#:83038),See DN-2675 (ID#:83038),44.38
12204,117-ET-T01,Pre-PQ Process,SO-1974,DN-703,Ethiopia,PMO - US,From RDC,N/A - From RDC,Air,Pre-PQ Process,N/A - From RDC,21-Apr-08,21-Apr-08,21-Apr-08,ARV,Adult,SCMS from RDC,"Nevirapine 200mg, tablets, 60 Tabs",Nevirapine,Generic,200mg,Tablet,60,1440,4896.0,3.4,0.06,Hetero Unit III Hyderabad IN,No,See DN-703 (ID#:11263),See DN-703 (ID#:11263),7.83
52280,102-KE-T30,FPQ-4250,SCMS-55901,ASN-5639,Kenya,PMO - US,Direct Drop,EXW,Air,9/16/2009,10/22/2009,11-Jan-10,11-Jan-10,11-Jan-10,HRDT,HIV test,"Trinity Biotech, Plc","HIV 1/2, Uni-Gold HIV Kit, 20 Tests","HIV 1/2, Uni-Gold HIV Kit",Uni-Gold,,Test kit,20,1000,32000.0,32.0,1.6,"Trinity Biotech, Plc",Yes,347,4259.57,62.72
12756,112-NG-T01,Pre-PQ Process,SO-1570,DN-535,Nigeria,PMO - US,From RDC,N/A - From RDC,Air,Pre-PQ Process,N/A - From RDC,9-Jan-08,9-Jan-08,9-Jan-08,ARV,Adult,SCMS from RDC,"Zidovudine 300mg, tablets, 60 Tabs",Zidovudine,Generic,300mg,Tablet,60,125,1018.75,8.15,0.14,"Aurobindo Unit III, India",No,See DN-535 (ID#:10658),See DN-535 (ID#:10658),1.63
85337,106-HT-T30,FPQ-11281,SO-44400,DN-3015,Haiti,PMO - US,From RDC,N/A - From RDC,Air,1/16/2013,N/A - From RDC,9-Apr-13,14-Mar-13,14-Mar-13,ARV,Adult,SCMS from RDC,"Lamivudine/Zidovudine 150/300mg, tablets, 60 Tabs",Lamivudine/Zidovudine,Generic,150/300mg,Tablet - FDC,60,53220,386909.4,7.27,0.12,Mylan (formerly Matrix) Nashik,No,See DN-3015 (ID#:82554),See DN-3015 (ID#:82554),478.61
5936,108-VN-T01,Pre-PQ Process,SCMS-27320,ASN-2792,Vietnam,PMO - US,Direct Drop,EXW,Air,Pre-PQ Process,7/24/2008,21-Nov-08,21-Nov-08,21-Nov-08,ARV,Adult,Aurobindo Pharma Limited,"Abacavir 300mg, tablets, 60 Tabs",Abacavir,Generic,300mg,Tablet,60,880,20680.0,23.5,0.39,"Aurobindo Unit III, India",Yes,331,2771.84,40.53
84911,104-CI-T30,FPQ-12800,SO-46430,DN-3599,Côte d'Ivoire,PMO - US,From RDC,N/A - From RDC,Truck,8/9/2013,N/A - From RDC,30-Apr-14,14-Apr-14,22-May-14,ARV,Adult,SCMS from RDC,"Lamivudine/Tenofovir Disoproxil Fumarate 300/300mg, tablets, 30 Tabs",Lamivudine/Tenofovir Disoproxil Fumarate,Generic,300/300mg,Tablet - FDC,30,26000,122200.0,4.7,0.16,Hetero Unit III Hyderabad IN,No,See DN-3599 (ID#:84351),See DN-3599 (ID#:84351),151.16
40598,116-ZA-T30,FPQ-12522,SCMS-199289,ASN-28034,South Africa,PMO - US,Direct Drop,DDP,Truck,7/11/2013,8/29/2014,29-Aug-14,29-Aug-14,29-Aug-14,ARV,Adult,S. BUYS WHOLESALER,"Emtricitabine/Tenofovir Disoproxil Fumarate 200/300mg, tablets, 30 Tabs",Emtricitabine/Tenofovir Disoproxil Fumarate,Generic,200/300mg,Tablet - FDC,30,334,11131.8,33.33,1.11,"Aurobindo Unit III, India",No,Weight Captured Separately,Freight Included in Commodity Cost,13.77
73906,105-GH-T30,FPQ-13809,SCMS-234090,ASN-27340,Ghana,PMO - US,Direct Drop,EXW,Air,3/7/2014,4/15/2014,11-Sep-14,11-Sep-14,11-Sep-14,ARV,Adult,MYLAN LABORATORIES LTD (FORMERLY MATRIX LABORATORIES),"Emtricitabine/Tenofovir Disoproxil Fumarate 200/300mg, tablets, 30 Tabs",Emtricitabine/Tenofovir Disoproxil Fumarate,Generic,200/300mg,Tablet - FDC,30,8458,47364.8,5.6,0.19,Mylan (formerly Matrix) Nashik,Yes,758,6956.18,48.69
1298,108-VN-T01,Pre-PQ Process,SCMS-262,ASN-386,Vietnam,PMO - US,Direct Drop,EXW,Air,Pre-PQ Process,1/9/2007,12-May-07,12-May-07,12-May-07,ARV,Adult,CIPLA LIMITED,"Lamivudine/Nevirapine/Stavudine 150/200/30mg, tablets, 60 Tabs",Lamivudine/Nevirapine/Stavudine,Generic,150/200/30mg,Tablet - FDC,60,70000,525000.0,7.5,0.12,"Cipla, Goa, India",Yes,6813,31858.09,
5818,106-HT-T01,Pre-PQ Process,SCMS-23920,ASN-2569,Haiti,PMO - US,Direct Drop,EXW,Air,Pre-PQ Process,5/20/2008,10-Oct-08,10-Oct-08,10-Oct-08,HRDT,HIV test,"Trinity Biotech, Plc","HIV 1/2, Capillus HIV Kit, 100 Tests","HIV 1/2, Capillus HIV Kit",Capillus,,Test kit,100,84,11676.0,139.0,1.39,"Trinity Biotech, Plc",Yes,54,871.71,18.68
12179,112-NG-T01,Pre-PQ Process,SO-10030,DN-840,Nigeria,PMO - US,From RDC,N/A - From RDC,Air,Pre-PQ Process,N/A - From RDC,3-Aug-08,3-Aug-08,3-Aug-08,ARV,Adult,SCMS from RDC,"Stavudine 30mg, capsules, 60 Caps",Stavudine,Generic,30mg,Capsule,60,850,1317.5,1.55,0.03,"Aurobindo Unit III, India",Yes,555,10575.63,2.11
28913,114-UG-T30,FPQ-13122,SCMS-212360,ASN-23076,Uganda,PMO - US,Direct Drop,EXW,Air,10/16/2013,10/30/2013,15-Jan-14,15-Jan-14,15-Jan-14,ARV,Adult,MYLAN LABORATORIES LTD (FORMERLY MATRIX LABORATORIES),"Atazanavir/Ritonavir 300/100mg, tablets, 30 Tabs",Atazanavir/Ritonavir,Generic,300/100mg,Tablet,30,6000,120000.0,20.0,0.67,Mylan (formerly Matrix) Nashik,Yes,811,4139.95,123.36
8186,116-ZA-T01,Pre-PQ Process,SCMS-14050,ASN-1251,South Africa,PMO - US,Direct Drop,DDP,,Pre-PQ Process,11/12/2007,29-Jan-08,29-Jan-08,29-Jan-08,ARV,Adult,"JSI R&T INSTITUTE, INC.","Lamivudine 150mg [Epivir], tablets, 60 Tabs",Lamivudine,Epivir,150mg,Tablet,60,1500,9600.0,6.4,0.11,GSK Cape Town Factory (South Africa),No,Weight Captured Separately,Freight Included in Commodity Cost,15.36
46170,116-ZA-T30,FPQ-7176,SCMS-104390,ASN-11198,South Africa,PMO - US,Direct Drop,DDP,Ocean,3/10/2011,4/1/2011,14-Sep-11,14-Sep-11,14-Sep-11,ARV,Adult,Aurobindo Pharma Limited,"Lamivudine/Zidovudine 150/300mg, tablets, 60 Tabs",Lamivudine/Zidovudine,Generic,150/300mg,Tablet - FDC,60,19836,167019.12,8.42,0.14,"Aurobindo Unit III, India",Yes,1820,698,275.58
85260,151-NG-T30,FPQ-9432,SO-41923,DN-2651,Nigeria,PMO - US,From RDC,N/A - From RDC,Air Charter,3/1/2012,N/A - From RDC,2-Aug-12,30-Apr-12,30-Apr-12,ARV,Adult,SCMS from RDC,"Lamivudine/Tenofovir Disoproxil Fumarate 300/300mg, tablets, 30 Tabs",Lamivudine/Tenofovir Disoproxil Fumarate,Generic,300/300mg,Tablet - FDC,30,39680,219827.2,5.54,0.18,Mylan (formerly Matrix) Nashik,Yes,3329,27441.25,308.2
84273,113-ZW-T30,FPQ-10895,SO-43570,DN-3212,Zimbabwe,PMO - US,From RDC,N/A - From RDC,Truck,10/25/2012,N/A - From RDC,31-Jul-13,6-Aug-13,6-Aug-13,ARV,Adult,SCMS from RDC,"Efavirenz 600mg, tablets, 30 Tabs",Efavirenz,Generic,600mg,Tablet,30,4800,15984.0,3.33,0.11,"Hetero, Jadcherla, unit 5, IN",Yes,396,11133.66,19.77
25127,116-ZA-T30,FPQ-4359,SCMS-54980,ASN-5373,South Africa,PMO - US,Direct Drop,DDP,Truck,10/8/2009,10/15/2009,19-Oct-09,19-Oct-09,19-Oct-09,ARV,Pediatric,S. BUYS WHOLESALER,"Didanosine 100mg [Videx],chewable tablets, 60 Tabs",Didanosine,Videx,100mg,Chewable/dispersible tablet,60,10,162.9,16.29,0.27,"BMS Meymac, France",No,Weight Captured Separately,Freight Included in Commodity Cost,0.32
86368,104-CI-T30,FPQ-6495,SO-37720,DN-2122,Côte d'Ivoire,PMO - US,From RDC,N/A - From RDC,Air,10/4/2010,N/A - From RDC,31-Mar-11,15-Mar-11,15-Mar-11,ARV,Pediatric,SCMS from RDC,"Nevirapine 10mg/ml, oral suspension w/syringe, Bottle, 240 ml",Nevirapine,Generic,10mg/ml,Oral suspension,240,2006,3911.7,1.95,0.01,"Aurobindo Unit III, India",No,See DN-2122 (ID#:84622),See DN-2122 (ID#:84622),8.43
82766,104-CI-T30,FPQ-14370,SO-49052,DN-4064,Côte d'Ivoire,PMO - US,From RDC,N/A - From RDC,Truck,5/23/2014,N/A - From RDC,16-Feb-15,19-Jan-15,27-Jan-15,ARV,Adult,SCMS from RDC,"Efavirenz 600mg, tablets, 30 Tabs",Efavirenz,Generic,600mg,Tablet,30,20004,62412.48,3.12,0.1,"Micro labs, Verna, Goa, India",No,See DN-4064 (ID#:82765),See DN-4064 (ID#:82765),64.16
84896,103-ZW-T30,FPQ-13109,SO-46951,DN-3550,Zimbabwe,PMO - US,From RDC,N/A - From RDC,Truck,10/17/2013,N/A - From RDC,3-Mar-14,11-Feb-14,4-Mar-14,ARV,Pediatric,SCMS from RDC,"Efavirenz 200mg, scored tablets, 90 Tabs",Efavirenz,Generic,200mg,Tablet,90,5923,55083.9,9.3,0.1,"Strides, Bangalore, India.",Yes,365,3481.29,56.63
11661,114-UG-T01,Pre-PQ Process,SO-32120,DN-1303,Uganda,PMO - US,From RDC,N/A - From RDC,Air,Date Not Captured,N/A - From RDC,14-Aug-09,14-Aug-09,14-Aug-09,ARV,Adult,SCMS from RDC,"Nevirapine 200mg, tablets, 60 Tabs",Nevirapine,Generic,200mg,Tablet,60,2844,8247.6,2.9,0.05,"Aurobindo Unit III, India",Yes,1587,11206.84,16.17
82526,114-UG-T30,FPQ-10328,SO-42811,DN-2917,Uganda,PMO - US,From RDC,N/A - From RDC,Truck,7/11/2012,N/A - From RDC,31-Dec-12,19-Nov-12,19-Nov-12,ARV,Adult,SCMS from RDC,"Efavirenz/Lamivudine/Tenofovir Disoproxil Fumarate 600/300/300mg, tablets, 30 Tabs",Efavirenz/Lamivudine/Tenofovir Disoproxil Fumarate,Generic,600/300/300mg,Tablet - FDC,30,125014,1658935.78,13.27,0.44,Mylan (formerly Matrix) Nashik,Yes,14275,131278.81,2325.83
43450,116-ZA-T30,FPQ-12522,SCMS-199283,ASN-27978,South Africa,PMO - US,Direct Drop,DDP,Truck,7/11/2013,8/27/2014,27-Aug-14,27-Aug-14,27-Aug-14,ARV,Pediatric,S. BUYS WHOLESALER,"Efavirenz 200mg, capsule, 90 Caps",Efavirenz,Generic,200mg,Capsule,90,25,659.22,26.37,0.29,"Aurobindo Unit III, India",No,Weight Captured Separately,Freight Included in Commodity Cost,0.82
41723,114-UG-T30,FPQ-13696,SCMS-231520,ASN-25625,Uganda,PMO - US,Direct Drop,FCA,Air,2/19/2014,3/21/2014,25-Apr-14,25-Apr-14,28-Apr-14,ARV,Pediatric,ABBVIE LOGISTICS (FORMERLY ABBOTT LOGISTICS BV),"Lopinavir/Ritonavir 100/25mg [Aluvia], tablets, 60 Tabs",Lopinavir/Ritonavir,Generic,100/25mg,Tablet,60,1000,5940.0,5.94,0.1,ABBVIE Ludwigshafen Germany,Yes,116,1105.6,6.11
83044,113-ZW-T30,FPQ-8464,SO-40901,DN-2695,Zimbabwe,PMO - US,From RDC,N/A - From RDC,Truck,10/4/2011,N/A - From RDC,11-Dec-12,27-Jun-12,27-Jun-12,ARV,Adult,SCMS from RDC,"Lamivudine/Zidovudine 150/300mg, tablets, 60 Tabs",Lamivudine/Zidovudine,Generic,150/300mg,Tablet - FDC,60,3345,26024.1,7.78,0.13,Mylan (formerly Matrix) Nashik,No,See DN-2695 (ID#:83043),See DN-2695 (ID#:83043),42.94
86452,106-HT-T30,FPQ-7653,SO-39740,DN-2534,Haiti,PMO - US,From RDC,N/A - From RDC,Air,5/11/2011,N/A - From RDC,15-Mar-12,12-Mar-12,12-Mar-12,ARV,Adult,SCMS from RDC,"Stavudine 20mg, capsules, 60 Caps",Stavudine,Generic,20mg,Capsule,60,270,372.6,1.38,0.02,"Aurobindo Unit III, India",Yes,16,1109,0.61
86339,105-GY-T30,FPQ-6307,SO-37400,DN-2017,Guyana,PMO - US,From RDC,N/A - From RDC,Air,8/30/2010,N/A - From RDC,23-Nov-10,19-Sep-10,19-Sep-10,ARV,Pediatric,SCMS from RDC,"Zidovudine 10mg/ml, oral solution, Bottle, 240 ml",Zidovudine,Generic,10mg/ml,Oral solution,240,567,1145.34,2.02,0.01,"Aurobindo Unit III, India",No,See DN-2017 (ID#:82918),See DN-2017 (ID#:82918),2.47
84260,109-TZ-T30,FPQ-12015,SO-44981,DN-3155,Tanzania,PMO - US,From RDC,N/A - From RDC,Truck,4/2/2013,N/A - From RDC,23-Aug-13,14-May-13,14-May-13,ARV,Pediatric,SCMS from RDC,"Lamivudine/Nevirapine/Stavudine 30/50/6mg, dispersible tablets, 60 Tabs",Lamivudine/Nevirapine/Stavudine,Generic,30/50/6mg,Chewable/dispersible tablet - FDC,60,12917,29709.1,2.3,0.04,"Cipla, Goa, India",Yes,2461,3592.8,36.75
83337,151-NG-T30,FPQ-14989,SO-51423,DN-4275,Nigeria,PMO - US,From RDC,N/A - From RDC,Air Charter,9/19/2014,N/A - From RDC,30-Jun-15,15-May-15,22-May-15,ARV,Adult,SCMS from RDC,"Lamivudine/Nevirapine/Zidovudine 150/200/300mg, tablets, 60 Tabs",Lamivudine/Nevirapine/Zidovudine,Generic,150/300/200mg,Tablet - FDC,60,140000,1080800.0,7.72,0.13,"Cipla, Goa, India",Yes,42830,79132,1111.06
82385,105-GY-T30,FPQ-7621,SO-39720,DN-2231,Guyana,PMO - US,From RDC,N/A - From RDC,Air,5/4/2011,N/A - From RDC,27-Oct-11,15-Jun-11,15-Jun-11,ARV,Pediatric,SCMS from RDC,"Zidovudine 100mg, capsules, 100 Caps",Zidovudine,Generic,100mg,Capsule,100,1043,4964.68,4.76,0.05,"Aurobindo Unit III, India",Yes,332,4398.32,8.19
4367,108-VN-T01,Pre-PQ Process,SCMS-20181,ASN-2023,Vietnam,PMO - US,Direct Drop,EXW,Air,Pre-PQ Process,3/31/2008,7-Jul-08,7-Jul-08,7-Jul-08,ARV,Pediatric,Aurobindo Pharma Limited,"Didanosine 100mg, chewable/dispersible tablets, 60 Tabs",Didanosine,Generic,100mg,Chewable/dispersible tablet,60,408,3162.0,7.75,0.13,"Aurobindo Unit III, India",No,See ASN-2023 (ID#:3094),See ASN-2023 (ID#:3094),5.06
21525,116-ZA-T30,FPQ-13973,SCMS-238553,ASN-28021,South Africa,PMO - US,Direct Drop,DDP,Truck,4/30/2014,8/28/2014,28-Aug-14,28-Aug-14,28-Aug-14,ARV,Pediatric,PHARMACY DIRECT,"Abacavir 20mg/ml, oral solution, Bottle, 240 ml",Abacavir,Generic,20mg/ml,Oral solution,240,60,1470.62,24.51,0.1,"Aurobindo Unit III, India",No,Weight Captured Separately,Freight Included in Commodity Cost,1.51
11691,117-ET-T01,Pre-PQ Process,SO-33750,DN-1484,Ethiopia,PMO - US,From RDC,N/A - From RDC,Air,Date Not Captured,N/A - From RDC,20-Oct-09,20-Oct-09,20-Oct-09,ARV,Pediatric,SCMS from RDC,"Abacavir 20mg/ml, oral solution, Bottle, 240 ml",Abacavir,Generic,20mg/ml,Oral solution,240,100,1464.0,14.64,0.06,"Aurobindo Unit III, India",Yes,18,523.45,3.16
53226,109-TZ-T30,FPQ-6936,SCMS-100633,ASN-10902,Tanzania,PMO - US,Direct Drop,EXW,Air,12/27/2010,5/2/2011,27-Jun-11,27-Jun-11,27-Jun-11,HRDT,HIV test,"Standard Diagnostics, Inc.","HIV 1/2, Bioline 3.0 Kit, Lancets, Capillary pipets, Alcohol swabs included, 25 Tests","HIV 1/2, Bioline 3.0 Kit, Lancets, Capillary pipets, Alcohol swabs included",Bioline,,Test kit,25,10000,200000.0,20.0,0.8,"Standard Diagnostics, Korea",Yes,3334,23489.63,330.0
84082,110-ZM-T30,FPQ-6665,SO-38070,DN-2182,Zambia,PMO - US,From RDC,N/A - From RDC,Truck,11/8/2010,N/A - From RDC,14-Apr-11,20-May-11,20-May-11,ARV,Adult,SCMS from RDC,"Lamivudine 150mg, tablets, 60 Tabs",Lamivudine,Generic,150mg,Tablet,60,54869,127844.77,2.33,0.04,"Aurobindo Unit III, India",Yes,2630,3402.23,210.94
74213,116-ZA-T30,FPQ-11828,SCMS-183950,ASN-19166,South Africa,South Africa Field Office,Direct Drop,DDP,Truck,3/18/2013,Date Not Captured,16-Apr-13,16-Apr-13,16-Apr-13,ARV,Adult,S. BUYS WHOLESALER,"Abacavir 300mg, tablets, 60 Tabs",Abacavir,Generic,300mg,Tablet,60,537,14023.43,26.11,0.44,"Cipla, Patalganga, India",No,Weight Captured Separately,Freight Included in Commodity Cost,17.35
11268,113-ZW-T01,Pre-PQ Process,SO-1053,DN-774,Zimbabwe,PMO - US,From RDC,N/A - From RDC,Truck,Pre-PQ Process,N/A - From RDC,17-Jun-08,17-Jun-08,17-Jun-08,HRDT,HIV test - Ancillary,SCMS from RDC,"HIV, Lancet, Safety, for HIV Test kits, 100 Pcs","HIV, Lancet, Safety, for HIV Test kits, 100 Pcs",Generic,,Test kit - Ancillary,100,1800,18.0,0.01,0.0,Inverness Japan,Yes,526,2185.82,0.03
67703,104-CI-T30,FPQ-13155,SCMS-216970,ASN-25670,Côte d'Ivoire,PMO - US,Direct Drop,FCA,Air,10/22/2013,12/4/2013,25-Apr-14,25-Apr-14,25-Apr-14,ARV,Adult,ABBVIE LOGISTICS (FORMERLY ABBOTT LOGISTICS BV),"Ritonavir 100mg [Norvir], film coated tablets, 60 Tabs",Ritonavir,Norvir,100mg,Tablet,60,3000,20550.0,6.85,0.11,ABBVIE Ludwigshafen Germany,Yes,385,3765.28,21.13
6724,108-VN-T01,Pre-PQ Process,SCMS-10970,ASN-1017,Vietnam,PMO - US,Direct Drop,EXW,Air,Pre-PQ Process,7/3/2007,19-Dec-07,19-Dec-07,19-Dec-07,ARV,Pediatric,Aurobindo Pharma Limited,"Didanosine 100mg, chewable/dispersible tablets, 60 Tabs",Didanosine,Generic,100mg,Chewable/dispersible tablet,60,1200,9300.0,7.75,0.13,"Aurobindo Unit III, India",Yes,249,3719.91,14.88
69783,106-HT-T30,FPQ-14083,SCMS-240110,ASN-27824,Haiti,PMO - US,Direct Drop,FCA,Air,5/11/2014,5/28/2014,26-Sep-14,26-Sep-14,6-Oct-14,ARV,Pediatric,ABBVIE LOGISTICS (FORMERLY ABBOTT LOGISTICS BV),"Lopinavir/Ritonavir 100/25mg [Aluvia], tablets, 60 Tabs",Lopinavir/Ritonavir,Generic,100/25mg,Tablet,60,1320,7840.8,5.94,0.1,ABBVIE Ludwigshafen Germany,No,See ASN-27824 (ID#:26961),See ASN-27824 (ID#:26961),8.06
13900,103-CM-T30,FPQ-12659,SCMS-201930,ASN-21679,Cameroon,PMO - US,Direct Drop,EXW,Air,7/26/2013,8/6/2013,10-Oct-13,10-Oct-13,18-Oct-13,HRDT,HIV test,"Orgenics, Ltd","HIV 1/2, Determine Kit without Lancets, Buffer or Caplillary Tubes, 100 Tests","HIV 1/2, Determine Kit without Lancets, Buffer or Capillary Tubes, 100 Tests",Determine,,Test kit,100,120,8658.0,72.15,0.72,"Alere Medical Co., Ltd.",Yes,Weight Captured Separately,1090.87,10.71
411,123-NG-T01,Pre-PQ Process,SCMS-18940,ASN-1467,Nigeria,PMO - US,Direct Drop,EXW,Air,Pre-PQ Process,3/13/2008,17-Apr-08,17-Apr-08,17-Apr-08,HRDT,HIV test,"CHEMBIO DIAGNOSTIC SYSTEMS, INC.","HIV 1/2, Stat-Pak HIV, Kit, 20 Tests","HIV 1/2, Stat-Pak HIV, Kit",Stat-Pak,,Test kit,20,1425,38475.0,27.0,1.35,Chembio Diagnostics Sys. Inc.,Yes,483,5468.88,61.56
42912,112-NG-T30,FPQ-9199,SCMS-140030,ASN-17119,Nigeria,PMO - US,Direct Drop,EXW,Air,3/1/2012,5/15/2012,3-Dec-12,3-Dec-12,3-Dec-12,ACT,ACT,NOVARTIS PHARMA SERVICES AG,"Artemether/Lumefantrine 20/120mg [Coartem], scored tablets, Blister 30 x 24 Tabs",Artemether/Lumefantrine,Coartem,20/120mg,Tablet - FDC + blister,720,2500,105000.0,42.0,0.06,"Novartis Pharma Suffern, USA",Yes,1725,11954.71,147.21
12045,100-CI-T01,Pre-PQ Process,SO-285,DN-74,Côte d'Ivoire,PMO - US,From RDC,N/A - From RDC,,Pre-PQ Process,N/A - From RDC,30-Apr-07,30-Apr-07,30-Apr-07,ARV,Adult,SCMS from RDC,"Tenofovir Disoproxil Fumarate 300mg [Viread], tablets, 30 Tabs",Tenofovir Disoproxil Fumarate,Viread,300mg,Tablet,30,456,7752.0,17.0,0.57,Gilead(Nycomed) Oranienburg DE,Yes,682,2527,
84604,102-UG-T30,FPQ-6403,SO-37470,DN-2056,Uganda,PMO - US,From RDC,N/A - From RDC,Air,9/16/2010,N/A - From RDC,2-Dec-10,29-Nov-10,29-Nov-10,ARV,Adult,SCMS from RDC,"Efavirenz/Emtricitabine/Tenofovir Disoproxil Fumarate 600/200/300mg, tablets, 30 Tabs",Efavirenz/Emtricitabine/Tenofovir Disoproxil Fumarate,Generic,600/200/300mg,Tablet - FDC,30,2661,53007.12,19.92,0.66,Mylan (formerly Matrix) Nashik,Yes,909,5166.39,114.28
82320,113-ZW-T30,FPQ-4694,SO-35400,DN-1829,Zimbabwe,PMO - US,From RDC,N/A - From RDC,Truck,12/8/2009,N/A - From RDC,31-May-10,31-May-10,31-May-10,ARV,Adult,SCMS from RDC,"Lamivudine/Stavudine 150/30mg, tablets, 60 Tabs",Lamivudine/Stavudine,Generic,150/30mg,Tablet - FDC,60,5800,19024.0,3.28,0.05,"Cipla, Goa, India",Yes,12791,3833.17,41.02
12465,112-NG-T01,Pre-PQ Process,SO-1430,DN-551,Nigeria,PMO - US,From RDC,N/A - From RDC,Air,Pre-PQ Process,N/A - From RDC,16-Jan-08,16-Jan-08,16-Jan-08,ARV,Pediatric,SCMS from RDC,"Lamivudine 10mg/ml, oral solution, Bottle, 240 ml",Lamivudine,Generic,10mg/ml,Oral solution,240,4,10.36,2.59,0.01,"Aurobindo Unit III, India",No,See DN-551 (ID#:11523),See DN-551 (ID#:11523),0.02
11197,111-MZ-T01,Pre-PQ Process,SO-1039,DN-603,Mozambique,PMO - US,From RDC,N/A - From RDC,Air,Pre-PQ Process,N/A - From RDC,8-Apr-08,8-Apr-08,8-Apr-08,ARV,Adult,SCMS from RDC,"Lamivudine/Stavudine 150/30mg, tablets, 30 Tabs",Lamivudine/Stavudine,Generic,150/30mg,Tablet - FDC,30,50000,100000.0,2.0,0.07,"Cipla, Goa, India",Yes,3584,8405.91,160.0
84183,151-NG-T30,FPQ-9432,SO-42805,DN-2772,Nigeria,PMO - US,From RDC,N/A - From RDC,Air Charter,3/1/2012,N/A - From RDC,2-Aug-12,24-Jul-12,24-Jul-12,ARV,Adult,SCMS from RDC,"Efavirenz/Emtricitabine/Tenofovir Disoproxil Fumarate 600/200/300mg, tablets, 30 Tabs",Efavirenz/Emtricitabine/Tenofovir Disoproxil Fumarate,Generic,600/200/300mg,Tablet - FDC,30,17124,257544.96,15.04,0.5,Mylan (formerly Matrix) Nashik,Yes,2091,16532.5,361.08
82494,151-NG-T30,FPQ-9432,SO-42644,DN-2764,Nigeria,PMO - US,From RDC,N/A - From RDC,Air Charter,3/1/2012,N/A - From RDC,2-Aug-12,24-Jul-12,24-Jul-12,ARV,Adult,SCMS from RDC,"Lamivudine/Zidovudine 150/300mg, tablets, 60 Tabs",Lamivudine/Zidovudine,Generic,150/300mg,Tablet - FDC,60,52378,404358.16,7.72,0.13,"Cipla, Goa, India",Yes,7666,16532.5,566.91
18392,101-CD-T30,FPQ-14100,SCMS-239410,ASN-26738,"Congo, DRC",PMO - US,Direct Drop,EXW,Air,4/23/2014,5/20/2014,5-Sep-14,5-Sep-14,16-Sep-14,HRDT,HIV test,"Trinity Biotech, Plc","HIV 1/2, Uni-Gold HIV Kit, 20 Tests","HIV 1/2, Uni-Gold HIV Kit",Uni-Gold,,Test kit,20,17,544.0,32.0,1.6,"Trinity Biotech, Plc",No,See ASN-26738 (ID#:15115),See ASN-26738 (ID#:15115),0.56
6626,108-VN-T01,Pre-PQ Process,SCMS-168,ASN-276,Vietnam,PMO - US,Direct Drop,EXW,Air,Pre-PQ Process,11/14/2006,14-Mar-07,14-Mar-07,14-Mar-07,ARV,Pediatric,Aurobindo Pharma Limited,"Stavudine 1mg/ml, powder for oral solution, 200 ml",Stavudine,Generic,1mg/ml,Oral solution,200,1000,1450.0,1.45,0.01,"Aurobindo Unit III, India",No,See ASN-276 (ID#:2686),See ASN-276 (ID#:2686),
11554,111-MZ-T01,Pre-PQ Process,SO-1876,DN-707,Mozambique,PMO - US,From RDC,N/A - From RDC,Air,Pre-PQ Process,N/A - From RDC,22-May-08,22-May-08,22-May-08,ARV,Adult,SCMS from RDC,"Lamivudine/Nevirapine/Stavudine 150/200/30mg, tablets, 60 Tabs",Lamivudine/Nevirapine/Stavudine,Generic,150/200/30mg,Tablet - FDC,60,39000,288600.0,7.4,0.12,"Cipla, Goa, India",Yes,7719,6260.71,461.76
11142,100-HT-T01,Pre-PQ Process,SO-831,DN-278,Haiti,PMO - US,From RDC,N/A - From RDC,Air,Pre-PQ Process,N/A - From RDC,7-Aug-07,7-Aug-07,7-Aug-07,HRDT,HIV test,SCMS from RDC,"HIV 1/2, Capillus HIV Kit, 100 Tests","HIV 1/2, Capillus HIV Kit",Capillus,,Test kit,100,75,10425.0,139.0,1.39,"Trinity Biotech, Plc",Yes,50,791.84,16.68
18509,161-ZA-T30,FPQ-6708,SCMS-93520,ASN-9934,South Africa,PMO - US,Direct Drop,DDP,Ocean,11/26/2010,12/6/2010,26-Jun-11,7-Apr-11,7-Apr-11,ARV,Adult,Aurobindo Pharma Limited,"Tenofovir Disoproxil Fumarate 300mg, tablets, 30 Tabs",Tenofovir Disoproxil Fumarate,Generic,300mg,Tablet,30,64269,427388.85,6.65,0.22,"Aurobindo Unit III, India",Yes,5999,13829.58,705.19
84322,103-SS-T30,FPQ-13173,SO-47110,DN-3493,South Sudan,PMO - US,From RDC,N/A - From RDC,Air,10/28/2013,N/A - From RDC,22-Jan-14,11-Feb-14,13-Feb-14,ARV,Adult,SCMS from RDC,"Nevirapine 200mg, tablets, 60 Tabs",Nevirapine,Generic,200mg,Tablet,60,378,854.28,2.26,0.04,"Aurobindo Unit III, India",Yes,613,6333,0.88
30508,107-RW-T30,FPQ-7520,SCMS-106800,ASN-10852,Rwanda,PMO - US,Direct Drop,EXW,Air,4/3/2011,4/28/2011,28-Jun-11,28-Jun-11,28-Jun-11,HRDT,HIV test,"Trinity Biotech, Plc","HIV 1/2, Uni-Gold HIV Kit, 20 Tests","HIV 1/2, Uni-Gold HIV Kit",Uni-Gold,,Test kit,20,240,7680.0,32.0,1.6,"Trinity Biotech, Plc",Yes,83,1215.46,12.67
12662,104-CI-T01,Pre-PQ Process,SO-641,DN-174,Côte d'Ivoire,PMO - US,From RDC,N/A - From RDC,,Pre-PQ Process,N/A - From RDC,8-Jun-07,8-Jun-07,8-Jun-07,ARV,Adult,SCMS from RDC,"Tenofovir Disoproxil Fumarate 300mg [Viread], tablets, 30 Tabs",Tenofovir Disoproxil Fumarate,Viread,300mg,Tablet,30,621,10557.0,17.0,0.57,Gilead(Nycomed) Oranienburg DE,Yes,40,1388,
28544,108-VN-T30,FPQ-15040,SCMS-263650,ASN-30556,Vietnam,PMO - US,Direct Drop,EXW,Air,10/30/2014,12/8/2014,26-Mar-15,26-Mar-15,26-Mar-15,ARV,Adult,MYLAN LABORATORIES LTD (FORMERLY MATRIX LABORATORIES),"Lamivudine/Zidovudine 150/300mg, tablets, 60 Tabs",Lamivudine/Zidovudine,Generic,150/300mg,Tablet - FDC,60,5700,36993.0,6.49,0.11,Mylan (formerly Matrix) Nashik,Yes,498,1477.34,38.03
1359,108-VN-T01,Pre-PQ Process,SCMS-753,ASN-782,Vietnam,PMO - US,Direct Drop,EXW,Air,Pre-PQ Process,7/4/2007,15-Oct-07,15-Oct-07,15-Oct-07,ARV,Adult,Aurobindo Pharma Limited,"Lamivudine/Nevirapine/Zidovudine 150/200/300mg, tablets, 60 Tabs",Lamivudine/Nevirapine/Zidovudine,Generic,150/300/200mg,Tablet - FDC,60,3000,40500.0,13.5,0.22,"Aurobindo Unit III, India",Yes,332,4454.62,64.8
83489,105-GY-T30,FPQ-7128,SO-38840,DN-2129,Guyana,PMO - US,From RDC,N/A - From RDC,Air,2/4/2011,N/A - From RDC,31-Mar-11,25-Mar-11,25-Mar-11,ARV,Pediatric,SCMS from RDC,"Abacavir 20mg/ml, oral solution w/syringe, Bottle, 240 ml",Abacavir,Generic,20mg/ml,Oral solution,240,99,1356.3,13.7,0.06,"Aurobindo Unit III, India",No,See DN-2129 (ID#:83488),See DN-2129 (ID#:83488),2.24
28778,110-ZM-T30,FPQ-11570,SCMS-181170,ASN-19516,Zambia,PMO - US,Direct Drop,EXW,Air,2/13/2013,3/14/2013,11-Jul-13,11-Jul-13,11-Jul-13,ARV,Pediatric,CIPLA LIMITED,"Abacavir/Lamivudine 60/30mg, dispersible tablets, 60 Tabs",Abacavir/Lamivudine,Generic,60/30mg,Chewable/dispersible tablet - FDC,60,40000,240000.0,6.0,0.1,"Cipla, Patalganga, India",Yes,3533,20188.13,296.88
83041,151-NG-T30,FPQ-8952,SO-41256,DN-2690,Nigeria,PMO - US,From RDC,N/A - From RDC,Air Charter,12/8/2011,N/A - From RDC,4-Jul-12,3-Jun-12,3-Jun-12,ARV,Adult,SCMS from RDC,"Nevirapine 200mg, tablets, 60 Tabs",Nevirapine,Generic,200mg,Tablet,60,6026,14703.44,2.44,0.04,Mylan (formerly Matrix) Nashik,Yes,6944,17090,20.61
54755,200-ZW-T30,FPQ-6488,SCMS-90710,ASN-12598,Zimbabwe,PMO - US,Direct Drop,FCA,Air,10/26/2010,11/10/2010,21-Nov-11,21-Nov-11,21-Nov-11,ARV,Pediatric,ABBVIE LOGISTICS (FORMERLY ABBOTT LOGISTICS BV),"Lopinavir/Ritonavir 100/25mg [Aluvia], tablets, 60 Tabs",Lopinavir/Ritonavir,Generic,100/25mg,Tablet,60,5625,43368.75,7.71,0.13,ABBVIE Ludwigshafen Germany,Yes,665,7549.41,93.5
12830,127-KE-T01,Pre-PQ Process,SO-21980,DN-1049,Kenya,PMO - US,From RDC,N/A - From RDC,Air,Pre-PQ Process,N/A - From RDC,15-Jan-09,15-Jan-09,15-Jan-09,ARV,Adult,SCMS from RDC,"Efavirenz 600mg, tablets, 30 Tabs",Efavirenz,Generic,600mg,Tablet,30,3770,37.7,0.01,0.0,"Aurobindo Unit III, India",Yes,Weight Captured Separately,Invoiced Separately,0.07
83433,104-CI-T30,FPQ-5619,SO-36820,DN-1851,Côte d'Ivoire,PMO - US,From RDC,N/A - From RDC,Air,5/2/2010,N/A - From RDC,3-Jun-10,7-Jun-10,7-Jun-10,ARV,Adult,SCMS from RDC,"Tenofovir Disoproxil Fumarate 300mg, tablets, 30 Tabs",Tenofovir Disoproxil Fumarate,Generic,300mg,Tablet,30,2552,19497.28,7.64,0.25,"Cipla, Goa, India",Yes,182,3250.13,42.04
14018,106-HT-T30,FPQ-14895,SCMS-261060,ASN-30093,Haiti,PMO - US,Direct Drop,EXW,Air,9/24/2014,11/14/2014,12-Feb-15,12-Feb-15,13-Feb-15,ARV,Adult,HETERO LABS LIMITED,"Lamivudine/Zidovudine 150/300mg, tablets, 60 Tabs",Lamivudine/Zidovudine,Generic,150/300mg,Tablet - FDC,60,50544,334095.84,6.61,0.11,"Hetero, Jadcherla, unit 5, IN",Yes,4669,34778.32,343.45
86446,101-CD-T30,FPQ-8840,SO-41141,DN-2505,"Congo, DRC",PMO - US,From RDC,N/A - From RDC,Air,11/21/2011,N/A - From RDC,16-Mar-12,14-Mar-12,14-Mar-12,ARV,Adult,SCMS from RDC,"Zidovudine 300mg, tablets, 60 Tabs",Zidovudine,Generic,300mg,Tablet,60,720,5054.4,7.02,0.12,Hetero Unit III Hyderabad IN,No,See DN-2505 (ID#:83561),See DN-2505 (ID#:83561),7.09
84803,102-BI-T30,FPQ-11661,SO-44640,DN-3096,Burundi,PMO - US,From RDC,N/A - From RDC,Air,2/20/2013,N/A - From RDC,2-May-13,10-May-13,10-May-13,ARV,Pediatric,SCMS from RDC,"Lamivudine 10mg/ml, oral solution w/syringe, Bottle, 240 ml",Lamivudine,Generic,10mg/ml,Oral solution,240,552,1021.2,1.85,0.01,"Aurobindo Unit III, India",No,See DN-3096 (ID#:83671),See DN-3096 (ID#:83671),1.26
986,109-TZ-T01,Pre-PQ Process,SCMS-38380,ASN-3627,Tanzania,PMO - US,Direct Drop,FCA,Air,Pre-PQ Process,2/5/2009,4-May-09,4-May-09,4-May-09,ARV,Pediatric,ABBVIE LOGISTICS (FORMERLY ABBOTT LOGISTICS BV),"Lopinavir/Ritonavir 100/25mg [Aluvia], tablets, 60 Tabs",Lopinavir/Ritonavir,Generic,100/25mg,Tablet,60,2094,21526.32,10.28,0.17,ABBVIE Ludwigshafen Germany,Yes,237,Freight Included in Commodity Cost,42.19
68596,108-VN-T30,FPQ-13524,SCMS-226190,ASN-27098,Vietnam,PMO - US,Direct Drop,FCA,Air,2/6/2014,3/10/2014,18-Aug-14,18-Aug-14,25-Aug-14,ARV,Adult,ABBVIE LOGISTICS (FORMERLY ABBOTT LOGISTICS BV),"Lopinavir/Ritonavir 200/50mg [Aluvia], tablets, 120 Tabs",Lopinavir/Ritonavir,Aluvia,200/50mg,Tablet,120,4800,291936.0,60.82,0.51,ABBVIE Ludwigshafen Germany,Yes,1175,1779.1,300.11
75925,901-CM-T30,FPQ-12528,SCMS-196520,ASN-21946,Cameroon,PMO - US,Direct Drop,EXW,Air,6/21/2013,7/1/2013,9-Nov-13,9-Nov-13,13-Nov-13,ARV,Adult,HETERO LABS LIMITED,"Efavirenz/Lamivudine/Tenofovir Disoproxil Fumarate 600/300/300mg, tablets, 30 Tabs",Efavirenz/Lamivudine/Tenofovir Disoproxil Fumarate,Generic,600/300/300mg,Tablet - FDC,30,82471,865945.5,10.5,0.35,Hetero Unit III Hyderabad IN,Yes,11615,102199.13,1071.17
69493,108-VN-T30,FPQ-15823,SCMS-277300,ASN-33327,Vietnam,PMO - US,Direct Drop,FCA,Air,2/13/2015,3/2/2015,31-Aug-15,31-Aug-15,31-Aug-15,ARV,Adult,ABBVIE LOGISTICS (FORMERLY ABBOTT LOGISTICS BV),"Lopinavir/Ritonavir 200/50mg [Aluvia], tablets, 120 Tabs",Lopinavir/Ritonavir,Aluvia,200/50mg,Tablet,120,2700,164160.0,60.8,0.51,ABBVIE Ludwigshafen Germany,Yes,Weight Captured Separately,Invoiced Separately,193.22
12755,102-NG-T01,Pre-PQ Process,SO-1504,DN-515,Nigeria,PMO - US,From RDC,N/A - From RDC,Air,Pre-PQ Process,N/A - From RDC,9-Jan-08,9-Jan-08,9-Jan-08,HRDT,HIV test,SCMS from RDC,"#108853** HIV, Genie II HIV-1/HIV-2 Kit, 40 Tests","HIV, Genie II HIV-1/HIV-2 Kit",Genie,,Test kit,40,375,28500.0,76.0,1.9,Bio-Rad Laboratories,Yes,411,3147,45.6
84817,109-TZ-T30,FPQ-12015,SO-44981,DN-3155,Tanzania,PMO - US,From RDC,N/A - From RDC,Truck,4/2/2013,N/A - From RDC,23-Aug-13,14-May-13,14-May-13,ARV,Pediatric,SCMS from RDC,"Lamivudine/Nevirapine/Stavudine 60/100/12mg, dispersible tablets, 60 Tabs",Lamivudine/Nevirapine/Stavudine,Generic,60/100/12mg,Chewable/dispersible tablet - FDC,60,12106,52055.8,4.3,0.07,"Cipla, Goa, India",No,See DN-3155 (ID#:84260),See DN-3155 (ID#:84260),64.39
12062,111-MZ-T01,Pre-PQ Process,SO-576,DN-148,Mozambique,PMO - US,From RDC,N/A - From RDC,Air,Pre-PQ Process,N/A - From RDC,13-Jun-07,13-Jun-07,13-Jun-07,ARV,Adult,SCMS from RDC,"Lamivudine/Nevirapine/Zidovudine 150/200/300mg, tablets, 60 Tabs",Lamivudine/Nevirapine/Zidovudine,Generic,150/300/200mg,Tablet - FDC,60,29959,524282.5,17.5,0.29,"Aurobindo Unit III, India",No,See DN-148 (ID#:10564),See DN-148 (ID#:10564),
83866,104-CI-T30,FPQ-14370,SO-49052,DN-4064,Côte d'Ivoire,PMO - US,From RDC,N/A - From RDC,Truck,5/23/2014,N/A - From RDC,16-Feb-15,19-Jan-15,27-Jan-15,ARV,Adult,SCMS from RDC,"Efavirenz 600mg, tablets, 30 Tabs",Efavirenz,Generic,600mg,Tablet,30,29996,93587.52,3.12,0.1,Hetero Unit III Hyderabad IN,No,See DN-4064 (ID#:82765),See DN-4064 (ID#:82765),96.21
34143,116-ZA-T30,FPQ-14942,SCMS-259075,ASN-32122,South Africa,PMO - US,Direct Drop,DDP,Truck,9/11/2014,5/11/2015,12-May-15,12-May-15,12-May-15,ARV,Pediatric,PHARMACY DIRECT,"Lamivudine 10mg/ml, oral solution, Bottle, 240 ml",Lamivudine,Generic,10mg/ml,Oral solution,240,6,31.01,5.17,0.02,"Aurobindo Unit III, India",No,Weight Captured Separately,Freight Included in Commodity Cost,0.03
85556,103-ZW-T30,FPQ-13967,SO-48460,DN-4114,Zimbabwe,PMO - US,From RDC,N/A - From RDC,Truck,4/2/2014,N/A - From RDC,16-Feb-15,4-Feb-15,16-Feb-15,ARV,Pediatric,SCMS from RDC,"Efavirenz 200mg, capsule, 90 Caps",Efavirenz,Generic,200mg,Capsule,90,3969,17542.98,4.42,0.05,"Micro labs, Verna, Goa, India",Yes,561,251.42,18.03
9860,116-ZA-T01,Pre-PQ Process,SCMS-26820,ASN-2487,South Africa,PMO - US,Direct Drop,DDP,Truck,Pre-PQ Process,Date Not Captured,10-Jul-08,14-Jul-08,14-Jul-08,ARV,Adult,S. BUYS WHOLESALER,"Lamivudine 150mg [Epivir], tablets, 60 Tabs",Lamivudine,Epivir,150mg,Tablet,60,1000,5310.0,5.31,0.09,GSK Cape Town Factory (South Africa),No,Weight Captured Separately,Freight Included in Commodity Cost,8.5
84848,114-UG-T30,FPQ-12253,SO-45541,DN-3296,Uganda,PMO - US,From RDC,N/A - From RDC,Truck,5/8/2013,N/A - From RDC,12-Sep-13,16-Oct-13,29-Oct-13,ARV,Adult,SCMS from RDC,"Abacavir 300mg, tablets, 60 Tabs",Abacavir,Generic,300mg,Tablet,60,2880,33004.8,11.46,0.19,"Aurobindo Unit III, India",No,See DN-3296 (ID#:83156),See DN-3296 (ID#:83156),40.83
86062,106-HT-T30,FPQ-13648,SO-47800,DN-3587,Haiti,PMO - US,From RDC,N/A - From RDC,Air,2/3/2014,N/A - From RDC,5-May-14,24-Mar-14,6-May-14,ARV,Adult,SCMS from RDC,"Lamivudine/Zidovudine 150/300mg, tablets, 60 Tabs",Lamivudine/Zidovudine,Generic,150/300mg,Tablet - FDC,60,16374,110197.02,6.73,0.11,Mylan (formerly Matrix) Nashik,No,See DN-3587 (ID#:83776),See DN-3587 (ID#:83776),113.28
54770,116-ZA-T30,FPQ-13214,SCMS-215410,ASN-23875,South Africa,PMO - US,Direct Drop,DDP,Truck,11/14/2013,12/2/2013,13-Jan-14,13-Jan-14,13-Jan-14,ARV,Adult,S. BUYS WHOLESALER,"Lopinavir/Ritonavir 200/50mg [Aluvia], tablets, 120 Tabs",Lopinavir/Ritonavir,Aluvia,200/50mg,Tablet,120,133,3075.65,23.13,0.19,ABBVIE Ludwigshafen Germany,No,Weight Captured Separately,Freight Included in Commodity Cost,3.16
11027,104-CI-T01,Pre-PQ Process,SO-1409,DN-1159,Côte d'Ivoire,PMO - US,From RDC,N/A - From RDC,Air,Pre-PQ Process,N/A - From RDC,20-Mar-09,20-Mar-09,20-Mar-09,ARV,Adult,SCMS from RDC,"Ritonavir 100mg [Norvir], capsules, cool, 4 x 84 Caps",Ritonavir,Norvir,100mg,Capsule,336,4660,31361.8,6.73,0.02,ABBVIE (Abbott) France,Yes,Weight Captured Separately,Invoiced Separately,61.47
12740,110-ZM-T01,Pre-PQ Process,SO-1078,DN-438,Zambia,PMO - US,From RDC,N/A - From RDC,,Pre-PQ Process,N/A - From RDC,21-Nov-07,21-Nov-07,21-Nov-07,ARV,Adult,SCMS from RDC,"Lamivudine/Nevirapine/Stavudine 150/200/30mg, tablets, 60 Tabs",Lamivudine/Nevirapine/Stavudine,Generic,150/200/30mg,Tablet - FDC,60,18974,140407.6,7.4,0.12,"Cipla, Goa, India",Yes,1928,7194.3,224.65
11723,100-CI-T01,Pre-PQ Process,SO-435,DN-81,Côte d'Ivoire,PMO - US,From RDC,N/A - From RDC,,Pre-PQ Process,N/A - From RDC,30-Apr-07,30-Apr-07,30-Apr-07,ARV,Adult,SCMS from RDC,"Lamivudine/Nevirapine/Stavudine 150/200/30mg, tablets, 60 Tabs",Lamivudine/Nevirapine/Stavudine,Generic,150/200/30mg,Tablet - FDC,60,9000,67500.0,7.5,0.12,"Cipla, Goa, India",Yes,969,3155,
35267,116-ZA-T30,FPQ-3560,SCMS-50960,ASN-5007,South Africa,PMO - US,Direct Drop,DDP,Truck,5/7/2009,8/3/2009,15-Sep-09,15-Sep-09,15-Sep-09,ARV,Adult,S. BUYS WHOLESALER,"Didanosine EC 400mg [Videx EC], delayed-release capsules, Blister 3 x 10 Caps",Didanosine EC,Videx EC,400mg,Delayed-release capsules - blister,30,600,16040.17,26.73,0.89,"BMS Meymac, France",Yes,Weight Captured Separately,Freight Included in Commodity Cost,31.44
33701,116-ZA-T30,FPQ-13035,SCMS-215370,ASN-24415,South Africa,PMO - US,Direct Drop,DDP,Truck,10/8/2013,12/2/2013,6-Feb-14,6-Feb-14,6-Feb-14,ARV,Adult,S. BUYS WHOLESALER,"Stavudine 20mg [Zerit], capsules, 60 Caps",Stavudine,Zerit,20mg,Capsule,60,8,38.34,4.79,0.08,Bristol-Myers Squibb Anagni IT,No,Weight Captured Separately,Freight Included in Commodity Cost,0.05
84432,107-RW-T30,FPQ-14811,SO-49951,DN-4040,Rwanda,PMO - US,From RDC,N/A - From RDC,Truck,10/15/2014,N/A - From RDC,14-Jan-15,24-Dec-14,5-Jan-15,ARV,Pediatric,SCMS from RDC,"Abacavir/Lamivudine 60/30mg, dispersible tablets, 60 Tabs",Abacavir/Lamivudine,Generic,60/30mg,Chewable/dispersible tablet - FDC,60,3238,16481.42,5.09,0.08,"Cipla, Patalganga, India",No,See DN-4040 (ID#:82758),See DN-4040 (ID#:82758),16.94
47949,161-ZA-T30,FPQ-6262,SCMS-83830,ASN-9478,South Africa,PMO - US,Direct Drop,DDP,Ocean,8/31/2010,9/24/2010,1-Feb-11,4-Mar-11,4-Mar-11,ARV,Adult,Aurobindo Pharma Limited,"Efavirenz 600mg, tablets, 30 Tabs",Efavirenz,Generic,600mg,Tablet,30,87018,394191.54,4.53,0.15,"Aurobindo Unit III, India",Yes,Weight Captured Separately,Freight Included in Commodity Cost,849.88
83628,114-UG-T30,FPQ-9875,SO-42061,DN-2875,Uganda,PMO - US,From RDC,N/A - From RDC,Air,5/9/2012,N/A - From RDC,17-Oct-12,11-Oct-12,11-Oct-12,ARV,Adult,SCMS from RDC,"Efavirenz 600mg, tablets, 30 Tabs",Efavirenz,Generic,600mg,Tablet,30,33373,121477.72,3.64,0.12,"Aurobindo Unit III, India",Yes,2870,14974.6,170.31
71878,106-HT-T30,FPQ-7670,SCMS-109660,ASN-11484,Haiti,PMO - US,Direct Drop,FCA,Air,5/6/2011,5/19/2011,8-Aug-11,8-Aug-11,8-Aug-11,ARV,Pediatric,ABBVIE LOGISTICS (FORMERLY ABBOTT LOGISTICS BV),"Lopinavir/Ritonavir 80/20mg/ml [Kaletra], oral solution, cool, Bottle 5 x 60 ml",Lopinavir/Ritonavir,Kaletra,80/20mg/ml,Oral solution,300,90,3033.0,33.7,0.11,ABBVIE (Abbott) Logis. UK,Yes,126,1767.91,5.0
85877,113-ZW-T30,FPQ-8464,SO-40890,DN-2741,Zimbabwe,PMO - US,From RDC,N/A - From RDC,Truck,10/4/2011,N/A - From RDC,16-Oct-12,23-Jul-12,23-Jul-12,ARV,Adult,SCMS from RDC,"Efavirenz 600mg, tablets, 30 Tabs",Efavirenz,Generic,600mg,Tablet,30,17422,66377.82,3.81,0.13,"Aurobindo Unit III, India",No,See DN-2741 (ID#:84180),See DN-2741 (ID#:84180),109.52
83649,151-NG-T30,FPQ-10477,SO-43046,DN-2998,Nigeria,PMO - US,From RDC,N/A - From RDC,Air Charter,8/9/2012,N/A - From RDC,11-Feb-13,11-Feb-13,11-Feb-13,ARV,Adult,SCMS from RDC,"Tenofovir Disoproxil Fumarate 300mg, tablets, 30 Tabs",Tenofovir Disoproxil Fumarate,Generic,300mg,Tablet,30,7395,29875.8,4.04,0.13,Mylan (formerly Matrix) Nashik,Yes,779,29780.5,41.89
83813,117-ET-T30,FPQ-14544,SO-49240,DN-3892,Ethiopia,PMO - US,From RDC,N/A - From RDC,Air,6/30/2014,N/A - From RDC,15-Sep-14,29-Aug-14,4-Nov-14,ARV,Pediatric,SCMS from RDC,"Abacavir/Lamivudine 60/30mg, dispersible tablets, 60 Tabs",Abacavir/Lamivudine,Generic,60/30mg,Chewable/dispersible tablet - FDC,60,429,2415.27,5.63,0.09,"Cipla, Patalganga, India",Yes,39,792.12,2.48
82277,104-CI-T30,FPQ-3964,SO-34520,DN-1536,Côte d'Ivoire,PMO - US,From RDC,N/A - From RDC,Air,7/24/2009,N/A - From RDC,10-Dec-09,2-Dec-09,2-Dec-09,ARV,Adult,SCMS from RDC,"Lamivudine/Stavudine 150/30mg, tablets, 60 Tabs",Lamivudine/Stavudine,Generic,150/30mg,Tablet - FDC,60,1060,4028.0,3.8,0.06,"Strides, Bangalore, India.",Yes,56,1211.48,7.89
52241,108-VN-T30,FPQ-7427,SCMS-105550,ASN-12036,Vietnam,PMO - US,Direct Drop,EXW,Air,3/31/2011,4/14/2011,19-Oct-11,19-Oct-11,19-Oct-11,ARV,Adult,HETERO LABS LIMITED,"Tenofovir Disoproxil Fumarate 300mg, tablets, 30 Tabs",Tenofovir Disoproxil Fumarate,Generic,300mg,Tablet,30,10000,60000.0,6.0,0.2,Hetero Unit III Hyderabad IN,Yes,865,7878.43,99.0
37872,108-VN-T30,FPQ-12539,SCMS-199740,ASN-22827,Vietnam,PMO - US,Direct Drop,EXW,Air,7/11/2013,7/25/2013,12-Dec-13,12-Dec-13,12-Dec-13,ARV,Adult,CIPLA LIMITED,"Lamivudine/Nevirapine/Zidovudine 150/200/300mg, tablets, 60 Tabs",Lamivudine/Nevirapine/Zidovudine,Generic,150/300/200mg,Tablet - FDC,60,10762,87172.2,8.1,0.13,"Cipla, Goa, India",Yes,1485,2702.63,107.83
85299,103-ZW-T30,FPQ-9907,SO-42230,DN-2825,Zimbabwe,PMO - US,From RDC,N/A - From RDC,Truck,5/15/2012,N/A - From RDC,30-Sep-12,11-Sep-12,11-Sep-12,ARV,Pediatric,SCMS from RDC,"Abacavir 20mg/ml, oral solution w/syringe, Bottle, 240 ml",Abacavir,Generic,20mg/ml,Oral solution,240,80,1000.0,12.5,0.05,"Aurobindo Unit III, India",Yes,29,588.72,1.4
10717,107-RW-T01,Pre-PQ Process,SO-24630,DN-1118,Rwanda,PMO - US,From RDC,N/A - From RDC,Air,Pre-PQ Process,N/A - From RDC,16-Mar-09,16-Mar-09,16-Mar-09,ARV,Adult,SCMS from RDC,"Nevirapine 200mg, tablets, 60 Tabs",Nevirapine,Generic,200mg,Tablet,60,7425,23760.0,3.2,0.05,Hetero Unit III Hyderabad IN,Yes,404,5637.82,46.57
86240,112-NG-T30,FPQ-4040,SO-32981,DN-1453,Nigeria,PMO - US,From RDC,N/A - From RDC,Air Charter,7/29/2009,N/A - From RDC,31-Oct-09,20-Oct-09,20-Oct-09,ARV,Pediatric,SCMS from RDC,"Nevirapine 10mg/ml, oral suspension, Bottle, 240 ml",Nevirapine,Generic,10mg/ml,Oral suspension,240,1200,2304.0,1.92,0.01,"Aurobindo Unit III, India",Yes,445,9341.49,4.52
75198,105-GH-T30,FPQ-14052,SCMS-237810,ASN-28671,Ghana,PMO - US,Direct Drop,EXW,Air,4/12/2014,5/23/2014,10-Nov-14,10-Nov-14,12-Nov-14,ARV,Adult,Aurobindo Pharma Limited,"Lamivudine/Nevirapine/Zidovudine 150/200/300mg, tablets, 60 Tabs",Lamivudine/Nevirapine/Zidovudine,Generic,150/300/200mg,Tablet - FDC,60,25097,205795.4,8.2,0.14,"Aurobindo Unit III, India",Yes,3167,16189.27,211.56
83627,109-TZ-T30,FPQ-9774,SO-42660,DN-2874,Tanzania,PMO - US,From RDC,N/A - From RDC,Truck,5/2/2012,N/A - From RDC,18-Oct-12,31-Oct-12,31-Oct-12,ARV,Adult,SCMS from RDC,"Efavirenz/Emtricitabine/Tenofovir Disoproxil Fumarate 600/200/300mg, tablets, 30 Tabs",Efavirenz/Emtricitabine/Tenofovir Disoproxil Fumarate,Generic,600/200/300mg,Tablet - FDC,30,152880,2198414.4,14.38,0.48,Mylan (formerly Matrix) Nashik,Yes,17227,7134.39,3082.18
84385,104-CI-T30,FPQ-13628,SO-47870,DN-3799,Côte d'Ivoire,PMO - US,From RDC,N/A - From RDC,Truck,1/29/2014,N/A - From RDC,15-Jul-14,9-Jul-14,7-Aug-14,ARV,Pediatric,SCMS from RDC,"Lamivudine/Zidovudine 30/60mg, tablets, 60 Tabs",Lamivudine/Zidovudine,Generic,30/60mg,Tablet - FDC,60,7303,14532.97,1.99,0.03,Mylan (formerly Matrix) Nashik,Yes,277,2286.63,14.94
65709,900-UG-T30,FPQ-10089,SCMS-149411,ASN-15514,Uganda,PMO - US,Direct Drop,EXW,Air,6/7/2012,6/12/2012,27-Jul-12,27-Jul-12,27-Jul-12,ARV,Adult,HETERO LABS LIMITED,"Lamivudine/Tenofovir Disoproxil Fumarate 300/300mg, tablets, 30 Tabs",Lamivudine/Tenofovir Disoproxil Fumarate,Generic,300/300mg,Tablet - FDC,30,100440,481107.6,4.79,0.16,Hetero Unit III Hyderabad IN,No,See ASN-15514 (ID#:57392),See ASN-15514 (ID#:57392),674.51
85750,104-CI-T30,FPQ-6891,SO-38570,DN-2161,Côte d'Ivoire,PMO - US,From RDC,N/A - From RDC,Air,12/21/2010,N/A - From RDC,30-Jun-11,7-Jun-11,7-Jun-11,ARV,Adult,SCMS from RDC,"Efavirenz/Emtricitabine/Tenofovir Disoproxil Fumarate 600/200/300mg, tablets, 30 Tabs",Efavirenz/Emtricitabine/Tenofovir Disoproxil Fumarate,Generic,600/200/300mg,Tablet - FDC,30,5220,103982.4,19.92,0.66,Mylan (formerly Matrix) Nashik,No,See DN-2161 (ID#:84639),See DN-2161 (ID#:84639),171.57
11939,126-NG-T01,Pre-PQ Process,SO-10750,DN-846,Nigeria,PMO - US,From RDC,N/A - From RDC,Air,Pre-PQ Process,N/A - From RDC,24-Jul-08,24-Jul-08,24-Jul-08,ARV,Adult,SCMS from RDC,"Efavirenz 600mg, tablets, 30 Tabs",Efavirenz,Generic,600mg,Tablet,30,4200,49224.0,11.72,0.39,"Aurobindo Unit III, India",Yes,621,4099.51,78.76
84602,111-MZ-T30,FPQ-6426,SO-37590,DN-2051,Mozambique,PMO - US,From RDC,N/A - From RDC,Truck,9/23/2010,N/A - From RDC,20-Dec-10,23-Dec-10,23-Dec-10,ARV,Adult,SCMS from RDC,"Lamivudine/Nevirapine/Stavudine 150/200/30mg, tablets, 60 Tabs",Lamivudine/Nevirapine/Stavudine,Generic,150/200/30mg,Tablet - FDC,60,30000,162900.0,5.43,0.09,"Cipla, Goa, India",No,See DN-2051 (ID#:82359),See DN-2051 (ID#:82359),351.21
38417,133-NG-T30,FPQ-14305,SCMS-240830,ASN-27471,Nigeria,PMO - US,Direct Drop,EXW,Air,5/16/2014,6/2/2014,19-Aug-14,27-Aug-14,4-Sep-14,HRDT,HIV test,"Orgenics, Ltd","HIV 1/2, Determine Complete HIV Kit, 100 Tests","HIV 1/2, Determine Complete HIV Kit",Determine,,Test kit,100,5884,523676.0,89.0,0.89,"Alere Medical Co., Ltd.",Yes,3435,34730.62,538.34
11923,104-CI-T01,Pre-PQ Process,SO-16222,DN-1072,Côte d'Ivoire,PMO - US,From RDC,N/A - From RDC,Air,Pre-PQ Process,N/A - From RDC,14-Feb-09,14-Feb-09,14-Feb-09,ARV,Adult,SCMS from RDC,"Abacavir 300mg, tablets, 60 Tabs",Abacavir,Generic,300mg,Tablet,60,3000,76740.0,25.58,0.43,Mylan (formerly Matrix) Nashik,Yes,187,5110.42,150.41
54180,108-VN-T30,FPQ-4081,SCMS-51480,ASN-4802,Vietnam,PMO - US,Direct Drop,FCA,Air,8/10/2009,8/12/2009,1-Oct-09,1-Oct-09,1-Oct-09,ARV,Adult,ABBVIE LOGISTICS (FORMERLY ABBOTT LOGISTICS BV),"Lopinavir/Ritonavir 200/50mg [Aluvia], tablets, 120 Tabs",Lopinavir/Ritonavir,Aluvia,200/50mg,Tablet,120,1400,115080.0,82.2,0.68,ABBVIE Ludwigshafen Germany,Yes,209,954.38,225.56
78403,106-HT-T30,FPQ-7649,SCMS-108900,ASN-13724,Haiti,PMO - US,Direct Drop,CIP,Air,4/27/2011,5/30/2011,14-Mar-12,14-Mar-12,14-Mar-12,ARV,Pediatric,MERCK SHARP & DOHME IDEA GMBH (FORMALLY MERCK SHARP & DOHME B.V.),"Efavirenz 30mg/ml [Stocrin/Sustiva], oral solution, Bottle, 180 ml",Efavirenz,Stocrin/Sustiva,30mg/ml,Oral solution,180,255,4324.8,16.96,0.09,"MSD, Haarlem, NL",Yes,72,290,7.14
76142,109-TZ-T30,FPQ-11427,SCMS-175500,ASN-19443,Tanzania,PMO - US,Direct Drop,FCA,Air,1/15/2013,2/4/2013,6-Jun-13,6-Jun-13,6-Jun-13,ARV,Pediatric,ABBVIE LOGISTICS (FORMERLY ABBOTT LOGISTICS BV),"Lopinavir/Ritonavir 80/20mg/ml [Kaletra], oral solution, cool, Bottle 5 x 60 ml",Lopinavir/Ritonavir,Kaletra,80/20mg/ml,Oral solution,300,237,7304.34,30.82,0.1,ABBVIE (Abbott) Logis. UK,Yes,244,3269.9,9.04
35232,104-CI-T30,FPQ-3882,SCMS-51830,ASN-5184,Côte d'Ivoire,PMO - US,Direct Drop,EXW,Air,7/24/2009,8/19/2009,30-Oct-09,30-Oct-09,30-Oct-09,ARV,Adult,Aurobindo Pharma Limited,"Abacavir/Lamivudine 600/300mg, scored tablets, 30 Tabs",Abacavir/Lamivudine,Generic,600/300mg,Tablet - FDC,30,2245,51635.0,23.0,0.77,"Aurobindo Unit III, India",Yes,226,2911.16,101.2
83457,104-CI-T30,FPQ-5623,SO-36880,DN-2011,Côte d'Ivoire,PMO - US,From RDC,N/A - From RDC,Air,5/7/2010,N/A - From RDC,30-Sep-10,25-Sep-10,25-Sep-10,ARV,Adult,SCMS from RDC,"Abacavir 300mg, tablets, 60 Tabs",Abacavir,Generic,300mg,Tablet,60,5310,87296.4,16.44,0.27,Mylan (formerly Matrix) Nashik,No,See DN-2011 (ID#:82350),See DN-2011 (ID#:82350),188.21
84500,154-NG-T30,FPQ-3815,SO-32272,DN-1360,Nigeria,PMO - US,From RDC,N/A - From RDC,Air Charter,5/26/2009,N/A - From RDC,31-Aug-09,4-Aug-09,4-Aug-09,ARV,Pediatric,SCMS from RDC,"Efavirenz 200mg, capsule, 90 Caps",Efavirenz,Generic,200mg,Capsule,90,15,190.95,12.73,0.14,"Aurobindo Unit III, India",No,See DN-1360 (ID#:83371),See DN-1360 (ID#:83371),0.37
26397,127-KE-T30,FPQ-7907,SCMS-115320,ASN-12097,Kenya,PMO - US,Direct Drop,EXW,Air,6/23/2011,7/20/2011,30-Sep-11,30-Sep-11,30-Sep-11,HRDT,HIV test,"Orgenics, Ltd","HIV 1/2, Determine Complete HIV Kit, 100 Tests","HIV 1/2, Determine Complete HIV Kit",Determine,,Test kit,100,7318,651302.0,89.0,0.89,Inverness Japan,Yes,2556,29339.63,1074.65
83389,106-HT-T30,FPQ-4384,SO-34720,DN-1590,Haiti,PMO - US,From RDC,N/A - From RDC,Air Charter,10/23/2009,N/A - From RDC,25-Dec-09,17-Dec-09,17-Dec-09,ARV,Pediatric,SCMS from RDC,"Efavirenz 30mg/ml [Stocrin/Sustiva], oral solution, Bottle, 180 ml",Efavirenz,Stocrin/Sustiva,30mg/ml,Oral solution,180,123,2086.08,16.96,0.09,"MSD, Haarlem, NL",No,See DN-1590 (ID#:83388),See DN-1590 (ID#:83388),4.5
86271,113-ZW-T30,FPQ-4688,SO-35410,DN-1660,Zimbabwe,PMO - US,From RDC,N/A - From RDC,Air,12/8/2009,N/A - From RDC,31-Mar-10,12-Mar-10,12-Mar-10,ARV,Adult,SCMS from RDC,"Lamivudine/Stavudine 150/30mg, tablets, 60 Tabs",Lamivudine/Stavudine,Generic,150/30mg,Tablet - FDC,60,1900,6460.0,3.4,0.06,"Cipla, Goa, India",No,See DN-1660 (ID#:82296),See DN-1660 (ID#:82296),13.93
11203,106-HT-T01,Pre-PQ Process,SO-1288,DN-445,Haiti,PMO - US,From RDC,N/A - From RDC,Air,Pre-PQ Process,N/A - From RDC,22-Jan-08,22-Jan-08,22-Jan-08,ARV,Pediatric,SCMS from RDC,"Efavirenz 50mg, capsule, 30 Caps",Efavirenz,Generic,50mg,Capsule,30,100,224.0,2.24,0.07,"Aurobindo Unit III, India",No,See DN-445 (ID#:10640),See DN-445 (ID#:10640),0.36
84077,151-NG-T30,FPQ-6800,SO-38610,DN-2166,Nigeria,PMO - US,From RDC,N/A - From RDC,Air Charter,12/7/2010,N/A - From RDC,31-Mar-11,11-May-11,11-May-11,ARV,Adult,SCMS from RDC,"Emtricitabine/Tenofovir Disoproxil Fumarate 200/300mg, tablets, 30 Tabs",Emtricitabine/Tenofovir Disoproxil Fumarate,Generic,200/300mg,Tablet - FDC,30,60756,640368.24,10.54,0.35,Mylan (formerly Matrix) Nashik,Yes,5481,12601.07,1056.61
46688,116-ZA-T30,FPQ-12522,SCMS-199289,ASN-28034,South Africa,PMO - US,Direct Drop,DDP,Truck,7/11/2013,8/29/2014,29-Aug-14,29-Aug-14,29-Aug-14,ARV,Adult,S. BUYS WHOLESALER,"Nevirapine 200mg, tablets, 60 Tabs",Nevirapine,Generic,200mg,Tablet,60,88,1722.87,19.58,0.33,"Aurobindo Unit III, India",No,Weight Captured Separately,Freight Included in Commodity Cost,2.13
11483,104-CI-T01,Pre-PQ Process,SO-1101,DN-434,Côte d'Ivoire,PMO - US,From RDC,N/A - From RDC,Air,Pre-PQ Process,N/A - From RDC,22-Nov-07,22-Nov-07,22-Nov-07,ARV,Pediatric,SCMS from RDC,"Efavirenz 30mg/ml [Stocrin/Sustiva], oral solution, Bottle, 180 ml",Efavirenz,Stocrin/Sustiva,30mg/ml,Oral solution,180,3027,28756.5,9.5,0.05,"MSD, Haarlem, NL",Yes,9248,25563,46.01
86297,111-MZ-T30,FPQ-4711,SO-35750,DN-1795,Mozambique,PMO - US,From RDC,N/A - From RDC,Truck,12/23/2009,N/A - From RDC,21-Jun-10,14-Jun-10,14-Jun-10,ARV,Adult,SCMS from RDC,"Zidovudine 300mg, tablets, 60 Tabs",Zidovudine,Generic,300mg,Tablet,60,5040,36338.4,7.21,0.12,Hetero Unit III Hyderabad IN,No,See DN-1795 (ID#:82315),See DN-1795 (ID#:82315),78.35
83109,104-CI-T30,FPQ-10626,SO-43271,DN-3018,Côte d'Ivoire,PMO - US,From RDC,N/A - From RDC,Truck,9/6/2012,N/A - From RDC,11-Mar-13,28-Feb-13,28-Feb-13,ARV,Adult,SCMS from RDC,"Lamivudine/Tenofovir Disoproxil Fumarate 300/300mg, tablets, 30 Tabs",Lamivudine/Tenofovir Disoproxil Fumarate,Generic,300/300mg,Tablet - FDC,30,9033,42455.1,4.7,0.16,Hetero Unit III Hyderabad IN,Yes,941,3980.18,59.52
82667,105-GY-T30,FPQ-13567,SO-47720,DN-3636,Guyana,PMO - US,From RDC,N/A - From RDC,Air,1/16/2014,N/A - From RDC,30-Apr-14,23-Apr-14,11-Jun-14,ARV,Adult,SCMS from RDC,"Abacavir 300mg, tablets, 60 Tabs",Abacavir,Generic,300mg,Tablet,60,49,550.27,11.23,0.19,"Aurobindo Unit III, India",Yes,5,660.43,0.57
60074,106-HT-T30,FPQ-15038,SCMS-262910,ASN-30184,Haiti,PMO - US,Direct Drop,EXW,Ocean,10/22/2014,12/24/2014,13-Mar-15,13-Mar-15,18-Mar-15,ARV,Adult,Aurobindo Pharma Limited,"Efavirenz 600mg, tablets, 30 Tabs",Efavirenz,Generic,600mg,Tablet,30,53571,176784.3,3.3,0.11,"Aurobindo Unit VII, IN",Yes,4974,11109.18,181.73
22323,116-ZA-T30,FPQ-13973,SCMS-238553,ASN-28021,South Africa,PMO - US,Direct Drop,DDP,Truck,4/30/2014,8/28/2014,28-Aug-14,28-Aug-14,28-Aug-14,ARV,Adult,PHARMACY DIRECT,"Tenofovir Disoproxil Fumarate 300mg, tablets, 30 Tabs",Tenofovir Disoproxil Fumarate,Generic,300mg,Tablet,30,112,2141.49,19.12,0.64,Mylan (formerly Matrix) Nashik,No,Weight Captured Separately,Freight Included in Commodity Cost,2.2
42998,108-VN-T30,FPQ-3896,SCMS-48260,ASN-5132,Vietnam,PMO - US,Direct Drop,EXW,Air,6/25/2009,6/26/2009,23-Oct-09,23-Oct-09,23-Oct-09,ARV,Adult,Aurobindo Pharma Limited,"Lamivudine/Nevirapine/Zidovudine 150/200/300mg, tablets, 60 Tabs",Lamivudine/Nevirapine/Zidovudine,Generic,150/300/200mg,Tablet - FDC,60,6500,72475.0,11.15,0.19,"Aurobindo Unit III, India",No,See ASN-5132 (ID#:22186),See ASN-5132 (ID#:22186),142.05
4190,116-ZA-T01,Pre-PQ Process,SCMS-14050,ASN-1252,South Africa,PMO - US,Direct Drop,DDP,,Pre-PQ Process,11/12/2007,29-Jan-08,24-Jan-07,24-Jan-08,ARV,Adult,"JSI R&T INSTITUTE, INC.","Stavudine 30mg [Zerit], capsules, 60 Caps",Stavudine,Zerit,30mg,Capsule,60,800,4792.0,5.99,0.1,"BMS Meymac, France",Yes,Weight Captured Separately,Freight Included in Commodity Cost,7.67
2808,117-ET-T01,Pre-PQ Process,SCMS-11071,ASN-1039,Ethiopia,PMO - US,Direct Drop,EXW,Air,Pre-PQ Process,10/3/2007,20-Nov-07,24-Dec-07,24-Dec-07,ARV,Adult,Aurobindo Pharma Limited,"Stavudine 30mg, capsules, 60 Caps",Stavudine,Generic,30mg,Capsule,60,35065,54350.75,1.55,0.03,"Aurobindo Unit III, India",Yes,2318,6755.81,86.96
12741,106-HT-T01,Pre-PQ Process,SO-1286,DN-458,Haiti,PMO - US,From RDC,N/A - From RDC,Air,Pre-PQ Process,N/A - From RDC,5-Dec-07,5-Dec-07,5-Dec-07,ARV,Pediatric,SCMS from RDC,"Efavirenz 200mg, capsule, 90 Caps",Efavirenz,Generic,200mg,Capsule,90,500,8000.0,16.0,0.18,"Aurobindo Unit III, India",No,See DN-458 (ID#:11814),See DN-458 (ID#:11814),12.8
33296,114-UG-T30,FPQ-6918,SCMS-96910,ASN-10338,Uganda,PMO - US,Direct Drop,DDP,Air,1/6/2011,1/21/2011,29-Mar-11,29-Mar-11,29-Mar-11,ARV,Adult,ASPEN PHARMACARE,"Darunavir 300mg [Prezista], tablets, 120 Tabs",Darunavir,Prezista,300mg,Tablet,120,95,8780.85,92.43,0.77,"Aspen-OSD, Port Elizabeth, SA",Yes,14,171,14.49
63956,901-NA-T30,FPQ-14728,SCMS-252640,ASN-28484,Namibia,PMO - US,Direct Drop,EXW,Air,7/30/2014,8/14/2014,22-Oct-14,22-Oct-14,11-Nov-14,ARV,Adult,HETERO LABS LIMITED,"Lamivudine/Tenofovir Disoproxil Fumarate 300/300mg, tablets, 30 Tabs",Lamivudine/Tenofovir Disoproxil Fumarate,Generic,300/300mg,Tablet - FDC,30,2910,13444.2,4.62,0.15,Hetero Unit III Hyderabad IN,Yes,352,2429.39,13.82
12050,112-NG-T01,Pre-PQ Process,SO-563,DN-209,Nigeria,PMO - US,From RDC,N/A - From RDC,,Pre-PQ Process,N/A - From RDC,3-Jul-07,3-Jul-07,3-Jul-07,ARV,Adult,SCMS from RDC,"Lamivudine 150mg, tablets, 60 Tabs",Lamivudine,Generic,150mg,Tablet,60,552,1827.12,3.31,0.06,"Ranbaxy, Paonta Shahib, India",No,See DN-209 (ID#:11136),See DN-209 (ID#:11136),2.92
28031,108-VN-T30,FPQ-5066,SCMS-65040,ASN-6209,Vietnam,PMO - US,Direct Drop,EXW,Air,2/10/2010,2/10/2010,30-Mar-10,30-Mar-10,30-Mar-10,ARV,Adult,Aurobindo Pharma Limited,"Didanosine 250mg, delayed-release capsules, 30 Caps",Didanosine,Generic,250mg,Delayed-release capsules,30,84,1092.0,13.0,0.43,"Aurobindo Unit III, India",Yes,6,363.96,2.35
84143,110-ZM-T30,FPQ-8759,SO-41121,DN-2532,Zambia,PMO - US,From RDC,N/A - From RDC,Truck,11/6/2011,N/A - From RDC,27-Apr-12,17-Feb-12,17-Feb-12,ARV,Adult,SCMS from RDC,"Efavirenz 600mg, tablets, 30 Tabs",Efavirenz,Generic,600mg,Tablet,30,56386,232310.32,4.12,0.14,"Strides, Bangalore, India.",No,See DN-2532 (ID#:82448),See DN-2532 (ID#:82448),325.7
84685,114-UG-T30,FPQ-8520,SO-40911,DN-2435,Uganda,PMO - US,From RDC,N/A - From RDC,Truck,10/5/2011,N/A - From RDC,9-Jan-12,1-Dec-11,1-Dec-11,ARV,Adult,SCMS from RDC,"Lamivudine/Zidovudine 150/300mg, tablets, 60 Tabs",Lamivudine/Zidovudine,Generic,150/300mg,Tablet - FDC,60,1529,12629.54,8.26,0.14,"Aurobindo Unit III, India",No,See DN-2435 (ID#:84121),See DN-2435 (ID#:84121),20.84
85428,103-ZW-T30,FPQ-12086,SO-45130,DN-3457,Zimbabwe,PMO - US,From RDC,N/A - From RDC,Truck,4/19/2013,N/A - From RDC,31-Jan-14,13-Jan-14,23-Jan-14,ARV,Pediatric,SCMS from RDC,"Lamivudine/Nevirapine/Zidovudine 30/50/60mg, dispersible tablets, 60 Tabs",Lamivudine/Nevirapine/Zidovudine,Generic,30/50/60mg,Chewable/dispersible tablet - FDC,60,88500,344265.0,3.89,0.06,"Cipla, Goa, India",No,See DN-3457 (ID#:82626),See DN-3457 (ID#:82626),425.86
31368,901-NA-T30,FPQ-14728,SCMS-252630,ASN-29183,Namibia,PMO - US,Direct Drop,EXW,Air,7/30/2014,8/19/2014,25-Nov-14,25-Nov-14,26-Nov-14,ARV,Adult,MYLAN LABORATORIES LTD (FORMERLY MATRIX LABORATORIES),"Efavirenz/Emtricitabine/Tenofovir Disoproxil Fumarate 600/200/300mg, tablets, 30 Tabs",Efavirenz/Emtricitabine/Tenofovir Disoproxil Fumarate,Generic,600/200/300mg,Tablet - FDC,30,13000,136500.0,10.5,0.35,"Mylan,  H-12 & H-13, India",Yes,3575,17969.34,140.32
82316,114-UG-T30,FPQ-5239,SO-36150,DN-1796,Uganda,PMO - US,From RDC,N/A - From RDC,Air,3/2/2010,N/A - From RDC,9-Jun-10,3-May-10,3-May-10,ARV,Adult,SCMS from RDC,"Lamivudine/Nevirapine/Zidovudine 150/200/300mg, tablets, 60 Tabs",Lamivudine/Nevirapine/Zidovudine,Generic,150/300/200mg,Tablet - FDC,60,5218,58545.96,11.22,0.19,"Aurobindo Unit III, India",Yes,617,5194.22,126.23
85641,110-ZM-T30,FPQ-4035,SO-34800,DN-1567,Zambia,PMO - US,From RDC,N/A - From RDC,Truck,8/5/2009,N/A - From RDC,15-Jan-10,26-Nov-09,26-Nov-09,ARV,Adult,SCMS from RDC,"Efavirenz 600mg, tablets, 30 Tabs",Efavirenz,Generic,600mg,Tablet,30,6714,38806.92,5.78,0.19,"Aurobindo Unit III, India",Yes,574,5837.94,76.06
10820,111-MZ-T01,Pre-PQ Process,SO-293,DN-44,Mozambique,PMO - US,From RDC,N/A - From RDC,Air,Pre-PQ Process,N/A - From RDC,17-Apr-07,17-Apr-07,17-Apr-07,ARV,Pediatric,SCMS from RDC,"Efavirenz 200mg [Stocrin/Sustiva], capsule, 90 Caps",Efavirenz,Stocrin/Sustiva,200mg,Capsule,90,151,4892.4,32.4,0.36,"MSD Manati, Puerto Rico, (USA)",No,See DN-44 (ID#:10549),See DN-44 (ID#:10549),
83369,154-NG-T30,FPQ-3815,SO-32270,DN-1311,Nigeria,PMO - US,From RDC,N/A - From RDC,Air Charter,5/26/2009,N/A - From RDC,30-Jul-09,4-Aug-09,4-Aug-09,ARV,Adult,SCMS from RDC,"Stavudine 30mg, capsules, 60 Caps",Stavudine,Generic,30mg,Capsule,60,50,73.0,1.46,0.02,"Aurobindo Unit III, India",No,See DN-1311 (ID#:82837),See DN-1311 (ID#:82837),0.14
41992,133-NG-T30,FPQ-15504,SCMS-270771,ASN-32757,Nigeria,PMO - US,Direct Drop,EXW,Air,12/8/2014,3/13/2015,30-Jun-15,6-Jul-15,8-Jul-15,HRDT,HIV test,"Orgenics, Ltd","HIV 1/2, Determine Complete HIV Kit, 100 Tests","HIV 1/2, Determine Complete HIV Kit",Determine,,Test kit,100,4697,418033.0,89.0,0.89,"Alere Medical Co., Ltd.",Yes,Weight Captured Separately,Invoiced Separately,492.02
11173,111-MZ-T01,Pre-PQ Process,SO-924,DN-344,Mozambique,PMO - US,From RDC,N/A - From RDC,Air,Pre-PQ Process,N/A - From RDC,5-Oct-07,5-Oct-07,5-Oct-07,ARV,Adult,SCMS from RDC,"Lamivudine 150mg, tablets, 60 Tabs",Lamivudine,Generic,150mg,Tablet,60,200,608.0,3.04,0.05,"Aurobindo Unit III, India",Yes,4241,25442,0.97
57909,116-ZA-T30,FPQ-13973,SCMS-238550,ASN-30792,South Africa,PMO - US,Direct Drop,DDP,Truck,4/30/2014,5/8/2014,19-Feb-15,19-Feb-15,19-Feb-15,ARV,Adult,PHARMACY DIRECT,"Efavirenz 600mg, tablets, 30 Tabs",Efavirenz,Generic,600mg,Tablet,30,3,46.79,15.6,0.52,"Aurobindo Unit III, India",No,Weight Captured Separately,Freight Included in Commodity Cost,0.05
85738,104-CI-T30,FPQ-6499,SO-38500,DN-2110,Côte d'Ivoire,PMO - US,From RDC,N/A - From RDC,Air,10/4/2010,N/A - From RDC,15-Feb-11,23-Feb-11,23-Feb-11,ARV,Adult,SCMS from RDC,"Efavirenz/Emtricitabine/Tenofovir Disoproxil Fumarate 600/200/300mg, tablets, 30 Tabs",Efavirenz/Emtricitabine/Tenofovir Disoproxil Fumarate,Generic,600/200/300mg,Tablet - FDC,30,4800,95616.0,19.92,0.66,Mylan (formerly Matrix) Nashik,Yes,532,7441.57,157.77
11409,111-MZ-T01,Pre-PQ Process,SO-577,DN-279,Mozambique,PMO - US,From RDC,N/A - From RDC,Air,Pre-PQ Process,N/A - From RDC,21-Sep-07,21-Sep-07,21-Sep-07,ARV,Pediatric,SCMS from RDC,"Efavirenz 50mg, capsule, 30 Caps",Efavirenz,Generic,50mg,Capsule,30,570,1949.4,3.42,0.11,"Aurobindo Unit III, India",Yes,35,364.51,3.12
12959,110-ZM-T30,FPQ-14827,SCMS-256500,ASN-31164,Zambia,PMO - US,Direct Drop,EXW,Air,8/19/2014,9/19/2014,12-May-15,12-May-15,14-May-15,HRDT,HIV test,"Orgenics, Ltd","HIV 1/2, Determine Complete HIV Kit, 100 Tests","HIV 1/2, Determine Complete HIV Kit",Determine,,Test kit,100,6280,502400.0,80.0,0.8,"Alere Medical Co., Ltd.",Yes,2548,28709.52,516.47
83642,151-NG-T30,FPQ-9968,SO-42680,DN-2947,Nigeria,PMO - US,From RDC,N/A - From RDC,Air,5/23/2012,N/A - From RDC,4-Dec-12,4-Dec-12,4-Dec-12,ARV,Adult,SCMS from RDC,"Lamivudine/Nevirapine/Zidovudine 150/200/300mg, tablets, 60 Tabs",Lamivudine/Nevirapine/Zidovudine,Generic,150/300/200mg,Tablet - FDC,60,204417,1966491.54,9.62,0.16,Hetero Unit III Hyderabad IN,Yes,50634,51090,2757.02
86404,113-ZW-T30,FPQ-7052,SO-38511,DN-2324,Zimbabwe,PMO - US,From RDC,N/A - From RDC,Truck,1/19/2011,N/A - From RDC,30-Sep-11,19-Sep-11,19-Sep-11,ARV,Adult,SCMS from RDC,"Efavirenz 600mg, tablets, 30 Tabs",Efavirenz,Generic,600mg,Tablet,30,6392,26974.24,4.22,0.14,Hetero Unit III Hyderabad IN,No,See DN-2324 (ID#:83526),See DN-2324 (ID#:83526),44.51
83657,113-ZW-T30,FPQ-10632,SO-43210,DN-3030,Zimbabwe,PMO - US,From RDC,N/A - From RDC,Truck,9/11/2012,N/A - From RDC,14-Mar-13,14-Mar-13,14-Mar-13,ARV,Adult,SCMS from RDC,"Efavirenz 600mg, tablets, 30 Tabs",Efavirenz,Generic,600mg,Tablet,30,48960,163036.8,3.33,0.11,"Strides, Bangalore, India.",No,See DN-3030 (ID#:82549),See DN-3030 (ID#:82549),228.58
85288,107-RW-T30,FPQ-10119,SO-42761,DN-2784,Rwanda,PMO - US,From RDC,N/A - From RDC,Air,6/18/2012,N/A - From RDC,31-Oct-12,6-Aug-12,6-Aug-12,ARV,Adult,SCMS from RDC,"Lopinavir/Ritonavir 200/50mg, tablets, 120 Tabs",Lopinavir/Ritonavir,Generic,200/50mg,Tablet,120,7541,223816.88,29.68,0.25,Mylan (formerly Matrix) Nashik,Yes,2003,32401.62,313.79
49301,102-BW-T30,FPQ-4904,SCMS-64791,ASN-6296,Botswana,PMO - US,Direct Drop,EXW,Air,1/13/2010,2/5/2010,14-Apr-10,14-Apr-10,14-Apr-10,HRDT,HIV test,"Orgenics, Ltd","HIV 1/2, Determine Complete HIV Kit, 100 Tests","HIV 1/2, Determine Complete HIV Kit",Determine,,Test kit,100,5,360.0,72.0,0.72,Inverness Japan,Yes,3,787.28,0.78
86508,102-CD-T30,FPQ-9906,SO-42340,DN-2812,"Congo, DRC",PMO - US,From RDC,N/A - From RDC,Air,5/15/2012,N/A - From RDC,14-Feb-13,14-Feb-13,14-Feb-13,ARV,Adult,SCMS from RDC,"Lamivudine 150mg, tablets, 60 Tabs",Lamivudine,Generic,150mg,Tablet,60,458,1016.76,2.22,0.04,Hetero Unit III Hyderabad IN,No,See DN-2812 (ID#:83068),See DN-2812 (ID#:83068),1.43
84607,106-HT-T30,FPQ-5523,SO-36730,DN-2059,Haiti,PMO - US,From RDC,N/A - From RDC,Air,4/19/2010,N/A - From RDC,26-Nov-10,15-Dec-10,15-Dec-10,ARV,Pediatric,SCMS from RDC,"Efavirenz 50mg, capsule, 30 Caps",Efavirenz,Generic,50mg,Capsule,30,1778,3982.72,2.24,0.07,"Aurobindo Unit III, India",No,See DN-2059 (ID#:84053),See DN-2059 (ID#:84053),8.59
85318,102-ZW-T30,FPQ-9927,SO-43670,DN-2948,Zimbabwe,PMO - US,From RDC,N/A - From RDC,Truck,5/15/2012,N/A - From RDC,13-Dec-12,13-Dec-12,13-Dec-12,ARV,Adult,SCMS from RDC,"Lamivudine/Zidovudine 150/300mg, tablets, 60 Tabs",Lamivudine/Zidovudine,Generic,150/300mg,Tablet - FDC,60,16971,131016.12,7.72,0.13,Hetero Unit III Hyderabad IN,Yes,1464,8000.72,183.68
82541,151-NG-T30,FPQ-10477,SO-43042,DN-2994,Nigeria,PMO - US,From RDC,N/A - From RDC,Air Charter,8/9/2012,N/A - From RDC,11-Feb-13,11-Feb-13,11-Feb-13,ARV,Adult,SCMS from RDC,"Emtricitabine/Tenofovir Disoproxil Fumarate 200/300mg, tablets, 30 Tabs",Emtricitabine/Tenofovir Disoproxil Fumarate,Generic,200/300mg,Tablet - FDC,30,100000,638000.0,6.38,0.21,Mylan (formerly Matrix) Nashik,Yes,8850,29780.5,894.48
74674,116-ZA-T30,FPQ-3560,SCMS-49610,ASN-5003,South Africa,PMO - US,Direct Drop,DDP,Truck,5/7/2009,7/21/2009,11-Aug-09,11-Aug-09,11-Aug-09,ARV,Adult,S. BUYS WHOLESALER,"Tenofovir Disoproxil Fumarate 300mg [Viread], tablets, 30 Tabs",Tenofovir Disoproxil Fumarate,Viread,300mg,Tablet,30,163,4195.98,25.74,0.86,"Aspen-OSD, Port Elizabeth, SA",Yes,Weight Captured Separately,Freight Included in Commodity Cost,8.22
67134,116-ZA-T30,FPQ-12522,SCMS-199283,ASN-27980,South Africa,PMO - US,Direct Drop,DDP,Truck,7/11/2013,8/27/2014,27-Aug-14,27-Aug-14,27-Aug-14,ARV,Adult,S. BUYS WHOLESALER,"Lamivudine 150mg, tablets, 60 Tabs",Lamivudine,Generic,150mg,Tablet,60,148,1457.49,9.85,0.16,Hetero Unit III Hyderabad IN,No,Weight Captured Separately,Freight Included in Commodity Cost,1.8
59873,108-VN-T30,FPQ-7469,SCMS-106481,ASN-12360,Vietnam,PMO - US,Direct Drop,FCA,Air,3/31/2011,4/21/2011,19-Oct-11,19-Oct-11,19-Oct-11,ARV,Adult,ABBVIE LOGISTICS (FORMERLY ABBOTT LOGISTICS BV),"Ritonavir 100mg [Norvir], film coated tablets, 30 Tabs",Ritonavir,Norvir,100mg,Tablet,30,560,13025.6,23.26,0.78,ABBVIE Ludwigshafen Germany,Yes,67,4476.29,21.49
85455,110-ZM-T30,FPQ-13221,SO-47202,DN-3625,Zambia,PMO - US,From RDC,N/A - From RDC,Truck,10/31/2013,N/A - From RDC,6-May-14,4-Jun-14,12-Jun-14,ARV,Adult,SCMS from RDC,"Lopinavir/Ritonavir 200/50mg, tablets, 120 Tabs",Lopinavir/Ritonavir,Generic,200/50mg,Tablet,120,3599,73707.52,20.48,0.17,Mylan (formerly Matrix) Nashik,No,See DN-3625 (ID#:83233),See DN-3625 (ID#:83233),75.77
51755,110-ZM-T30,FPQ-7439,SCMS-106740,ASN-11399,Zambia,PMO - US,Direct Drop,EXW,Air,4/1/2011,4/21/2011,22-Jul-11,22-Jul-11,22-Jul-11,HRDT,HIV test,"Orgenics, Ltd","HIV 1/2, Determine Complete HIV Kit, 100 Tests","HIV 1/2, Determine Complete HIV Kit",Determine,,Test kit,100,1729,138320.0,80.0,0.8,Inverness Japan,Yes,667,15123.48,228.23
85760,111-MZ-T30,FPQ-7053,SO-39530,DN-2206,Mozambique,PMO - US,From RDC,N/A - From RDC,Truck,1/24/2011,N/A - From RDC,30-Jun-11,13-Jul-11,13-Jul-11,ARV,Adult,SCMS from RDC,"Lamivudine 150mg, tablets, 60 Tabs",Lamivudine,Generic,150mg,Tablet,60,2268,5284.44,2.33,0.04,"Aurobindo Unit III, India",Yes,109,1148.65,8.72
1527,102-NG-T01,Pre-PQ Process,SCMS-14640,ASN-1167,Nigeria,PMO - US,Direct Drop,EXW,Air,Pre-PQ Process,11/30/2007,21-Jan-08,21-Jan-08,21-Jan-08,HRDT,HIV test,"CHEMBIO DIAGNOSTIC SYSTEMS, INC.","HIV 1/2, Stat-Pak HIV, Kit, 20 Tests","HIV 1/2, Stat-Pak HIV, Kit",Stat-Pak,,Test kit,20,10000,270000.0,27.0,1.35,Chembio Diagnostics Sys. Inc.,Yes,3336,28002.75,432.0
531,116-ZA-T01,Pre-PQ Process,SCMS-23500,ASN-2783,South Africa,PMO - US,Direct Drop,DDP,Truck,Pre-PQ Process,Date Not Captured,20-Aug-08,20-Aug-08,20-Aug-08,ARV,Adult,S. BUYS WHOLESALER,"Stavudine 20mg [Zerit], capsules, 60 Caps",Stavudine,Zerit,20mg,Capsule,60,20,103.4,5.17,0.09,"BMS Meymac, France",Yes,Weight Captured Separately,Freight Included in Commodity Cost,0.2
85669,114-UG-T30,FPQ-5275,SO-36240,DN-1770,Uganda,PMO - US,From RDC,N/A - From RDC,Air,3/4/2010,N/A - From RDC,4-Jun-10,15-Apr-10,15-Apr-10,ARV,Adult,SCMS from RDC,"Emtricitabine/Tenofovir Disoproxil Fumarate 200/300mg, tablets, 30 Tabs",Emtricitabine/Tenofovir Disoproxil Fumarate,Generic,200/300mg,Tablet - FDC,30,1300,15275.0,11.75,0.39,Mylan (formerly Matrix) Nashik,Yes,105,2393.54,32.93
83085,107-RW-T30,FPQ-9969,SO-42430,DN-2885,Rwanda,PMO - US,From RDC,N/A - From RDC,Air,5/25/2012,N/A - From RDC,31-Oct-12,30-Oct-12,30-Oct-12,ARV,Adult,SCMS from RDC,"Efavirenz/Lamivudine/Tenofovir Disoproxil Fumarate 600/300/300mg, tablets, 30 Tabs",Efavirenz/Lamivudine/Tenofovir Disoproxil Fumarate,Generic,600/300/300mg,Tablet - FDC,30,3234,42915.18,13.27,0.44,Mylan (formerly Matrix) Nashik,No,See DN-2885 (ID#:82518),See DN-2885 (ID#:82518),60.17
2153,108-VN-T01,Pre-PQ Process,SCMS-33070,ASN-2888,Vietnam,PMO - US,Direct Drop,EXW,Air,Pre-PQ Process,11/3/2008,27-Nov-08,27-Nov-08,27-Nov-08,ARV,Adult,Aurobindo Pharma Limited,"Nevirapine 200mg, tablets, 60 Tabs",Nevirapine,Generic,200mg,Tablet,60,6000,17400.0,2.9,0.05,"Aurobindo Unit III, India",Yes,581,2653.27,34.1
12521,111-MZ-T01,Pre-PQ Process,SO-15084,DN-1024,Mozambique,PMO - US,From RDC,N/A - From RDC,Air,Pre-PQ Process,N/A - From RDC,9-Feb-09,9-Feb-09,9-Feb-09,ARV,Pediatric,SCMS from RDC,"Efavirenz 200mg, capsule, 90 Caps",Efavirenz,Generic,200mg,Capsule,90,560,8545.6,15.26,0.17,"Aurobindo Unit III, India",No,See DN-1024 (ID#:10984),See DN-1024 (ID#:10984),16.75
84195,109-TZ-T30,FPQ-9774,SO-42650,DN-2883,Tanzania,PMO - US,From RDC,N/A - From RDC,Truck,5/2/2012,N/A - From RDC,30-Nov-12,31-Oct-12,31-Oct-12,ARV,Pediatric,SCMS from RDC,"Lamivudine/Nevirapine/Stavudine 60/100/12mg, dispersible tablets, 60 Tabs",Lamivudine/Nevirapine/Stavudine,Generic,60/100/12mg,Chewable/dispersible tablet - FDC,60,13499,58045.7,4.3,0.07,"Cipla, Goa, India",No,See DN-2883 (ID#:83630),See DN-2883 (ID#:83630),81.38
85586,114-UG-T30,FPQ-15294,SO-50080,DN-4216,Uganda,PMO - US,From RDC,N/A - From RDC,Truck,11/3/2014,N/A - From RDC,30-Apr-15,22-Apr-15,24-Apr-15,ARV,Adult,SCMS from RDC,"Efavirenz/Lamivudine/Tenofovir Disoproxil Fumarate 600/300/300mg, tablets, 30 Tabs",Efavirenz/Lamivudine/Tenofovir Disoproxil Fumarate,Generic,600/300/300mg,Tablet - FDC,30,101900,978240.0,9.6,0.32,Mylan (formerly Matrix) Nashik,No,Weight Captured Separately,Freight Included in Commodity Cost,1151.39
72426,101-CD-T30,FPQ-12035,SCMS-188850,ASN-20251,"Congo, DRC",PMO - US,Direct Drop,EXW,Air,4/12/2013,5/17/2013,30-Sep-13,30-Sep-13,30-Sep-13,ANTM,Malaria,IMRES B.V.,"Sulfadoxine/Pyrimethamine 500/25mg, tablets, 1000 Tabs",Sulfadoxine/Pyrimethamine,Generic,500/25mg,Tablet - FDC,1000,720,16164.0,22.45,0.02,"Guilin OSD site, No 17, China",Yes,578,3089.83,19.99
30589,116-ZA-T30,FPQ-14942,SCMS-259078,ASN-33470,South Africa,PMO - US,Direct Drop,DDP,Truck,9/11/2014,10/9/2014,24-Jul-15,24-Jul-15,24-Jul-15,ARV,Pediatric,PHARMACY DIRECT,"Efavirenz 200mg, capsule, 90 Caps",Efavirenz,Generic,200mg,Capsule,90,10,182.5,18.25,0.2,"Aurobindo Unit III, India",No,Weight Captured Separately,Freight Included in Commodity Cost,0.19
46460,114-UG-T30,FPQ-15303,SCMS-264950,ASN-31157,Uganda,PMO - US,Direct Drop,EXW,Air,11/11/2014,11/25/2014,8-Apr-15,8-Apr-15,8-Apr-15,ARV,Pediatric,Aurobindo Pharma Limited,"Lopinavir/Ritonavir 100/25mg, tablets, 60 Tabs",Lopinavir/Ritonavir,Generic,100/25mg,Tablet,60,1560,12542.4,8.04,0.13,"Aurobindo Unit III, India",Yes,166,1488.99,14.76
85108,151-NG-T30,FPQ-4537,SO-36010,DN-1810,Nigeria,PMO - US,From RDC,N/A - From RDC,Air Charter,11/6/2009,N/A - From RDC,31-May-10,18-May-10,18-May-10,ARV,Adult,SCMS from RDC,"Lamivudine/Tenofovir Disoproxil Fumarate 300/300mg, tablets, 30 Tabs",Lamivudine/Tenofovir Disoproxil Fumarate,Generic,300/300mg,Tablet - FDC,30,9852,98520.0,10.0,0.33,Mylan (formerly Matrix) Nashik,Yes,1078,9736.1,212.41
9093,112-NG-T01,Pre-PQ Process,SCMS-42830,ASN-3984,Nigeria,PMO - US,Direct Drop,FCA,Air,Pre-PQ Process,4/1/2009,20-May-09,20-May-09,20-May-09,ARV,Adult,ABBVIE LOGISTICS (FORMERLY ABBOTT LOGISTICS BV),"Lopinavir/Ritonavir 200/50mg [Aluvia], tablets, 120 Tabs",Lopinavir/Ritonavir,Aluvia,200/50mg,Tablet,120,159,6534.9,41.1,0.34,ABBVIE Ludwigshafen Germany,No,See ASN-3984 (ID#:2499),See ASN-3984 (ID#:2499),12.81
82486,900-UG-T30,FPQ-10048,SO-42580,DN-2724,Uganda,PMO - US,From RDC,N/A - From RDC,Air,6/6/2012,N/A - From RDC,5-Jul-12,16-Jul-12,16-Jul-12,ARV,Adult,SCMS from RDC,"Efavirenz 600mg, tablets, 30 Tabs",Efavirenz,Generic,600mg,Tablet,30,45840,179234.4,3.91,0.13,"Strides, Bangalore, India.",Yes,5486,27321.52,251.29
47837,107-RW-T30,FPQ-3859,SCMS-48850,ASN-4656,Rwanda,PMO - US,Direct Drop,CIP,Air,6/30/2009,7/16/2009,10-Aug-09,10-Aug-09,10-Aug-09,ARV,Adult,HETERO LABS LIMITED,"Nevirapine 200mg, tablets, 60 Tabs",Nevirapine,Generic,200mg,Tablet,60,9300,28737.0,3.09,0.05,Hetero Unit III Hyderabad IN,Yes,550,3054.13,56.32
84389,105-GY-T30,FPQ-14042,SO-48510,DN-3817,Guyana,PMO - US,From RDC,N/A - From RDC,Air,4/9/2014,N/A - From RDC,30-Sep-14,29-Aug-14,8-Sep-14,ARV,Adult,SCMS from RDC,"Emtricitabine/Tenofovir Disoproxil Fumarate 200/300mg, tablets, 30 Tabs",Emtricitabine/Tenofovir Disoproxil Fumarate,Generic,200/300mg,Tablet - FDC,30,2238,12846.12,5.74,0.19,"Aurobindo Unit III, India",No,See DN-3817 (ID#:83822),See DN-3817 (ID#:83822),13.21
26558,123-NG-T30,FPQ-7742,SCMS-111230,ASN-11793,Nigeria,PMO - US,Direct Drop,EXW,Air,5/31/2011,6/21/2011,13-Sep-11,13-Sep-11,13-Sep-11,ANTM,Malaria,IDA FOUNDATION,"Sulfadoxine/Pyrimethamine 500/25mg, tablets, Blister 10 x 3 Tabs",Sulfadoxine/Pyrimethamine,Generic,500/25mg,Tablet - FDC + blister,30,300,330.0,1.1,0.04,"Remedica, Limassol, Cyprus",Yes,13,365.48,0.54
80217,161-ZA-T30,FPQ-5303,SCMS-68951,ASN-7408,South Africa,PMO - US,Direct Drop,DDP,Air,3/18/2010,3/19/2010,14-Jul-10,14-Jul-10,14-Jul-10,ARV,Pediatric,Aurobindo Pharma Limited,"Lamivudine 10mg/ml, oral solution w/syringe, Bottle, 240 ml",Lamivudine,Generic,10mg/ml,Oral solution,240,11644,34932.0,3.0,0.01,"Aurobindo Unit III, India",Yes,4442,3283.59,75.31
84628,106-HT-T30,FPQ-6484,SO-38240,DN-2136,Haiti,PMO - US,From RDC,N/A - From RDC,Air,10/13/2010,N/A - From RDC,14-Mar-11,20-Apr-11,20-Apr-11,ARV,Adult,SCMS from RDC,"Lopinavir/Ritonavir 200/50mg [Aluvia], tablets, 120 Tabs",Lopinavir/Ritonavir,Aluvia,200/50mg,Tablet,120,1320,47731.2,36.16,0.3,ABBVIE Ludwigshafen Germany,Yes,276,2080.2,102.91
85227,101-CD-T30,FPQ-8840,SO-41142,DN-2506,"Congo, DRC",PMO - US,From RDC,N/A - From RDC,Air,11/21/2011,N/A - From RDC,16-Mar-12,14-Mar-12,14-Mar-12,ARV,Pediatric,SCMS from RDC,"Nevirapine 10mg/ml, oral suspension w/syringe, Bottle, 240 ml",Nevirapine,Generic,10mg/ml,Oral suspension,240,620,1209.0,1.95,0.01,"Aurobindo Unit III, India",No,See DN-2506 (ID#:82439),See DN-2506 (ID#:82439),1.7
51525,116-ZA-T30,FPQ-4770,SCMS-60170,ASN-5934,South Africa,PMO - US,Direct Drop,DDP,Truck,12/17/2009,12/23/2009,28-Dec-09,28-Dec-09,28-Dec-09,ARV,Pediatric,S. BUYS WHOLESALER,"Efavirenz 50mg, capsule, 30 Caps",Efavirenz,Generic,50mg,Capsule,30,230,959.89,4.17,0.14,"Aurobindo Unit III, India",No,Weight Captured Separately,Freight Included in Commodity Cost,2.07
9578,106-HT-T01,Pre-PQ Process,SCMS-16700,ASN-1327,Haiti,PMO - US,Direct Drop,EXW,Air,Pre-PQ Process,2/4/2008,18-Feb-08,18-Feb-08,18-Feb-08,HRDT,HIV test,"Trinity Biotech, Plc","HIV 1/2, Capillus HIV Kit, 100 Tests","HIV 1/2, Capillus HIV Kit",Capillus,,Test kit,100,250,34750.0,139.0,1.39,"Trinity Biotech, Plc",Yes,Weight Captured Separately,Invoiced Separately,55.6
20824,901-CM-T30,FPQ-12837,SCMS-204360,ASN-21528,Cameroon,PMO - US,Direct Drop,EXW,Air,8/19/2013,8/23/2013,26-Sep-13,26-Sep-13,26-Sep-13,ARV,Adult,CIPLA LIMITED,"Lamivudine/Zidovudine 150/300mg, tablets, 60 Tabs",Lamivudine/Zidovudine,Generic,150/300mg,Tablet - FDC,60,59,388.81,6.59,0.11,"Cipla, Goa, India",Yes,23,1067.02,0.48
83629,102-ZW-T30,FPQ-9927,SO-42302,DN-2881,Zimbabwe,PMO - US,From RDC,N/A - From RDC,Truck,5/15/2012,N/A - From RDC,31-Oct-12,18-Oct-12,18-Oct-12,ARV,Adult,SCMS from RDC,"Lamivudine/Zidovudine 150/300mg, tablets, 60 Tabs",Lamivudine/Zidovudine,Generic,150/300mg,Tablet - FDC,60,69990,540322.8,7.72,0.13,"Cipla, Goa, India",Yes,6408,Freight Included in Commodity Cost,757.53
85466,104-CI-T30,FPQ-13142,SO-47150,DN-3656,Côte d'Ivoire,PMO - US,From RDC,N/A - From RDC,Truck,10/22/2013,N/A - From RDC,30-Apr-14,22-Apr-14,11-Jun-14,ARV,Pediatric,SCMS from RDC,"Abacavir/Lamivudine 60/30mg, dispersible tablets, 60 Tabs",Abacavir/Lamivudine,Generic,60/30mg,Chewable/dispersible tablet - FDC,60,11000,61930.0,5.63,0.09,"Cipla, Patalganga, India",No,See DN-3656 (ID#:84922),See DN-3656 (ID#:84922),63.66
28553,161-ZA-T30,FPQ-7175,SCMS-103880,ASN-11459,South Africa,PMO - US,Direct Drop,DDP,Ocean,3/10/2011,3/28/2011,3-Nov-11,3-Nov-11,3-Nov-11,ARV,Adult,STRIDES ARCOLAB LIMITED,"Lamivudine 150mg, tablets, 60 Tabs",Lamivudine,Generic,150mg,Tablet,60,158124,384241.32,2.43,0.04,"Strides, Bangalore, India.",Yes,7467,20258.28,634.0
12172,114-UG-T01,Pre-PQ Process,SO-2342,DN-715,Uganda,PMO - US,From RDC,N/A - From RDC,Air,Pre-PQ Process,N/A - From RDC,2-Jun-08,2-Jun-08,2-Jun-08,ARV,Adult,SCMS from RDC,"Efavirenz 600mg, tablets, 30 Tabs",Efavirenz,Generic,600mg,Tablet,30,860,10328.6,12.01,0.4,"Aurobindo Unit III, India",Yes,76,675,16.53
82480,151-NG-T30,FPQ-9432,SO-42332,DN-2687,Nigeria,PMO - US,From RDC,N/A - From RDC,Air Charter,3/1/2012,N/A - From RDC,2-Aug-12,3-Jun-12,3-Jun-12,ARV,Adult,SCMS from RDC,"Efavirenz 600mg, tablets, 30 Tabs",Efavirenz,Generic,600mg,Tablet,30,70000,273700.0,3.91,0.13,"Strides, Bangalore, India.",Yes,6889,17090,383.73
38793,113-ZW-T30,FPQ-7521,SCMS-108000,ASN-12242,Zimbabwe,PMO - US,Direct Drop,EXW,Air,4/7/2011,5/5/2011,19-Oct-11,19-Oct-11,19-Oct-11,HRDT,HIV test,"Orgenics, Ltd","HIV 1/2, Determine Complete HIV Kit, 100 Tests","HIV 1/2, Determine Complete HIV Kit",Determine,,Test kit,100,2856,228480.0,80.0,0.8,Inverness Japan,Yes,1102,26846.59,376.99
1077,116-ZA-T01,Pre-PQ Process,SCMS-41462,ASN-4361,South Africa,PMO - US,Direct Drop,DDP,Air,Pre-PQ Process,3/18/2009,25-Jun-09,21-Apr-09,21-Apr-09,ARV,Pediatric,S. BUYS WHOLESALER,"Lamivudine 10mg/ml, oral solution, Bottle, 240 ml",Lamivudine,Generic,10mg/ml,Oral solution,240,346,1954.9,5.65,0.02,"Aurobindo Unit III, India",Yes,Weight Captured Separately,Freight Included in Commodity Cost,3.83
11309,114-UG-T01,Pre-PQ Process,SO-2676,DN-915,Uganda,PMO - US,From RDC,N/A - From RDC,Air,Pre-PQ Process,N/A - From RDC,8-Oct-08,8-Oct-08,8-Oct-08,ARV,Adult,SCMS from RDC,"Lopinavir/Ritonavir 200/50mg [Aluvia], tablets, 120 Tabs",Lopinavir/Ritonavir,Aluvia,200/50mg,Tablet,120,80,3288.0,41.1,0.34,ABBVIE Ludwigshafen Germany,Yes,18,418.75,5.26
85876,114-UG-T30,FPQ-9355,SO-41591,DN-2740,Uganda,PMO - US,From RDC,N/A - From RDC,Truck,2/20/2012,N/A - From RDC,5-Sep-12,30-Jul-12,30-Jul-12,ARV,Adult,SCMS from RDC,"Lamivudine/Nevirapine/Zidovudine 150/200/300mg, tablets, 60 Tabs",Lamivudine/Nevirapine/Zidovudine,Generic,150/300/200mg,Tablet - FDC,60,4879,47862.99,9.81,0.16,Mylan (formerly Matrix) Nashik,Yes,637,5081.05,67.1
83124,114-UG-T30,FPQ-11143,SO-43941,DN-3069,Uganda,PMO - US,From RDC,N/A - From RDC,Air,12/13/2012,N/A - From RDC,25-Apr-13,25-Apr-13,25-Apr-13,ARV,Adult,SCMS from RDC,"Nevirapine 200mg, tablets, 60 Tabs",Nevirapine,Generic,200mg,Tablet,60,8834,19964.84,2.26,0.04,"Aurobindo Unit III, India",Yes,1600,8699.8,24.7
82970,111-MZ-T30,FPQ-7053,SO-38690,DN-2308,Mozambique,PMO - US,From RDC,N/A - From RDC,Truck,1/24/2011,N/A - From RDC,12-Aug-11,15-Sep-11,15-Sep-11,ARV,Pediatric,SCMS from RDC,"Zidovudine 10mg/ml, oral solution w/syringe, Bottle, 240 ml",Zidovudine,Generic,10mg/ml,Oral solution,240,5625,11362.5,2.02,0.01,"Aurobindo Unit III, India",Yes,2157,2166.21,18.75
83983,106-HT-T30,FPQ-4384,SO-34690,DN-1673,Haiti,PMO - US,From RDC,N/A - From RDC,Air,10/23/2009,N/A - From RDC,15-Mar-10,15-Mar-10,15-Mar-10,ARV,Adult,SCMS from RDC,"Nevirapine 200mg, tablets, 60 Tabs",Nevirapine,Generic,200mg,Tablet,60,11500,31395.0,2.73,0.05,Hetero Unit III Hyderabad IN,Yes,1870,13122.39,67.69
85819,105-GY-T30,FPQ-8620,SO-41000,DN-2503,Guyana,PMO - US,From RDC,N/A - From RDC,Air,10/27/2011,N/A - From RDC,30-Mar-12,4-Feb-12,4-Feb-12,ARV,Pediatric,SCMS from RDC,"Lamivudine 10mg/ml, oral solution w/syringe, Bottle, 240 ml",Lamivudine,Generic,10mg/ml,Oral solution,240,140,259.0,1.85,0.01,"Aurobindo Unit III, India",No,See DN-2503 (ID#:83007),See DN-2503 (ID#:83007),0.36
49211,161-ZA-T30,FPQ-7175,SCMS-104090,ASN-12989,South Africa,PMO - US,Direct Drop,DDP,Ocean,3/10/2011,3/28/2011,31-Jan-12,31-Jan-12,31-Jan-12,ARV,Adult,CIPLA LIMITED,"Nevirapine 200mg, tablets, 60 Tabs",Nevirapine,Generic,200mg,Tablet,60,57925,157556.0,2.72,0.05,"Cipla, Goa, India",Yes,6220,7175.28,259.97
50345,900-SZ-T30,FPQ-8386,SCMS-124160,ASN-13367,Swaziland,PMO - US,Direct Drop,EXW,Air,9/14/2011,10/5/2011,6-Feb-12,6-Feb-12,6-Feb-12,ARV,Adult,Aurobindo Pharma Limited,"Lamivudine/Zidovudine+Efavirenz 150/300mg+600mg, tablets, co-blister 60+30 Tabs",Lamivudine/Zidovudine+Efavirenz,Generic,150/300mg+600mg,Tablet - FDC + co-blister,90,20000,272000.0,13.6,0.15,"Aurobindo Unit III, India",Yes,3295,17214.74,448.8
39495,104-CI-T30,FPQ-6975,SCMS-98300,ASN-10837,Côte d'Ivoire,PMO - US,Direct Drop,FCA,Air,1/4/2011,1/28/2011,10-Jun-11,10-Jun-11,10-Jun-11,ARV,Adult,Hoffmann-La Roche ltd Basel,"Saquinavir 500mg [Invirase], tablets, 120 Tabs",Saquinavir,Invirase,500mg,Tablet,120,1464,154437.73,105.49,0.88,Roche Madrid,Yes,255,4204.67,254.82
53234,104-CI-T30,FPQ-11294,SCMS-173131,ASN-19636,Côte d'Ivoire,PMO - US,Direct Drop,EXW,Air,12/14/2012,1/15/2013,4-Jun-13,4-Jun-13,4-Jun-13,HRDT,HIV test,"Orgenics, Ltd","HIV 1/2, Determine Complete HIV Kit, 100 Tests","HIV 1/2, Determine Complete HIV Kit",Determine,,Test kit,100,2945,235600.0,80.0,0.8,"Alere Medical Co., Ltd.",Yes,1280,125.42,291.44
85970,151-NG-T30,FPQ-11022,SO-43852,DN-3173,Nigeria,PMO - US,From RDC,N/A - From RDC,Air Charter,11/15/2012,N/A - From RDC,4-Jun-13,10-May-13,10-May-13,ARV,Adult,SCMS from RDC,"Efavirenz 600mg, tablets, 30 Tabs",Efavirenz,Generic,600mg,Tablet,30,120000,399600.0,3.33,0.11,"Hetero, Jadcherla, unit 5, IN",No,See DN-3173 (ID#:83687),See DN-3173 (ID#:83687),494.31
17764,116-ZA-T30,FPQ-12522,SCMS-199283,ASN-27978,South Africa,PMO - US,Direct Drop,DDP,Truck,7/11/2013,8/27/2014,27-Aug-14,27-Aug-14,27-Aug-14,ARV,Adult,S. BUYS WHOLESALER,"Lamivudine/Zidovudine 150/300mg, tablets, 60 Tabs",Lamivudine/Zidovudine,Generic,150/300mg,Tablet - FDC,60,46,1517.44,32.99,0.55,Hetero Unit III Hyderabad IN,No,Weight Captured Separately,Freight Included in Commodity Cost,1.88
83557,105-GY-T30,FPQ-8620,SO-41000,DN-2503,Guyana,PMO - US,From RDC,N/A - From RDC,Air,10/27/2011,N/A - From RDC,30-Mar-12,4-Feb-12,4-Feb-12,ARV,Pediatric,SCMS from RDC,"Efavirenz 200mg, capsule, 90 Caps",Efavirenz,Generic,200mg,Capsule,90,153,1357.11,8.87,0.1,"Aurobindo Unit III, India",No,See DN-2503 (ID#:83007),See DN-2503 (ID#:83007),1.9
82903,151-NG-T30,FPQ-5023,SO-36511,DN-1920,Nigeria,PMO - US,From RDC,N/A - From RDC,Air,2/10/2010,N/A - From RDC,15-Jul-10,28-Jun-10,28-Jun-10,ARV,Adult,SCMS from RDC,"Lamivudine/Nevirapine/Stavudine 150/200/30mg, tablets, 60 Tabs",Lamivudine/Nevirapine/Stavudine,Generic,150/200/30mg,Tablet - FDC,60,3000,17550.0,5.85,0.1,"Cipla, Goa, India",Yes,419,Freight Included in Commodity Cost,37.84
11608,117-ET-T01,Pre-PQ Process,SO-22020,DN-1052,Ethiopia,PMO - US,From RDC,N/A - From RDC,Air,Pre-PQ Process,N/A - From RDC,3-Mar-09,3-Mar-09,3-Mar-09,ARV,Adult,SCMS from RDC,"Tenofovir Disoproxil Fumarate 300mg, tablets, 30 Tabs",Tenofovir Disoproxil Fumarate,Generic,300mg,Tablet,30,7000,92960.0,13.28,0.44,Mylan (formerly Matrix) Nashik,No,See DN-1052 (ID#:10737),See DN-1052 (ID#:10737),182.2
73018,161-ZA-T30,FPQ-5648,SCMS-75750,ASN-9114,South Africa,PMO - US,Direct Drop,DDP,Ocean,6/2/2010,6/17/2010,1-Feb-11,1-Feb-11,1-Feb-11,ARV,Adult,Aurobindo Pharma Limited,"Efavirenz 600mg, tablets, 30 Tabs",Efavirenz,Generic,600mg,Tablet,30,118537,534601.87,4.51,0.15,"Aurobindo Unit III, India",Yes,10373,630.5,1152.6
9036,116-ZA-T01,Pre-PQ Process,SCMS-41140,ASN-3752,South Africa,PMO - US,Direct Drop,DDP,Air,Pre-PQ Process,Date Not Captured,31-Mar-09,21-Nov-08,21-Nov-08,ARV,Adult,S. BUYS WHOLESALER,"Nevirapine 200mg, tablets, 60 Tabs",Nevirapine,Generic,200mg,Tablet,60,200,2998.0,14.99,0.25,"Cipla, Goa, India",No,Weight Captured Separately,Freight Included in Commodity Cost,5.88
11839,104-CI-T01,Pre-PQ Process,SO-1104,DN-569,Côte d'Ivoire,PMO - US,From RDC,N/A - From RDC,Air,Pre-PQ Process,N/A - From RDC,29-Jan-08,29-Jan-08,29-Jan-08,ARV,Adult,SCMS from RDC,"Lamivudine/Nevirapine/Stavudine 150/200/30mg, tablets, 60 Tabs",Lamivudine/Nevirapine/Stavudine,Generic,150/200/30mg,Tablet - FDC,60,22500,166500.0,7.4,0.12,"Cipla, Goa, India",No,See DN-569 (ID#:11224),See DN-569 (ID#:11224),266.4
83613,113-ZW-T30,FPQ-8464,SO-40902,DN-2803,Zimbabwe,PMO - US,From RDC,N/A - From RDC,Truck,10/4/2011,N/A - From RDC,11-Dec-12,4-Sep-12,4-Sep-12,ARV,Adult,SCMS from RDC,"Nevirapine 200mg, tablets, 60 Tabs",Nevirapine,Generic,200mg,Tablet,60,58074,140539.08,2.42,0.04,Hetero Unit III Hyderabad IN,Yes,4687,8832.53,231.89
3360,119-NA-T01,Pre-PQ Process,SCMS-28850,ASN-2513,Namibia,PMO - US,Direct Drop,EXW,Air,Pre-PQ Process,8/26/2008,25-Sep-08,25-Sep-08,25-Sep-08,HRDT,HIV test,"Orgenics, Ltd","HIV 1/2, Clearview Complete Kit, 25 Tests","HIV 1/2, Clearview Complete Kit",Clearview,,Test kit,25,1,75.0,75.0,3.0,Inverness Japan,Yes,Weight Captured Separately,Invoiced Separately,0.12
67194,113-ZW-T30,FPQ-13939,SCMS-240570,ASN-27583,Zimbabwe,PMO - US,Direct Drop,EXW,Air Charter,4/1/2014,5/27/2014,17-Sep-14,17-Sep-14,19-Sep-14,ARV,Adult,HETERO LABS LIMITED,"Lamivudine/Tenofovir Disoproxil Fumarate 300/300mg, tablets, 30 Tabs",Lamivudine/Tenofovir Disoproxil Fumarate,Generic,300/300mg,Tablet - FDC,30,42240,195148.8,4.62,0.15,Hetero Unit III Hyderabad IN,Yes,4589,27376.22,200.61
64218,119-NA-T30,FPQ-4186,SCMS-53271,ASN-5363,Namibia,PMO - US,Direct Drop,EXW,Air,9/3/2009,9/11/2009,12-Nov-09,12-Nov-09,12-Nov-09,HRDT,HIV test,"Orgenics, Ltd","HIV 1/2, Determine HIV Kit, without Lancets, 100 Tests","HIV 1/2, Determine HIV Kit, without Lancets",Determine,,Test kit,100,180,12600.0,70.0,0.7,Inverness Japan,Yes,42,2863.47,24.7
6845,116-ZA-T01,Pre-PQ Process,SCMS-14050,ASN-1251,South Africa,PMO - US,Direct Drop,DDP,,Pre-PQ Process,11/12/2007,29-Jan-08,29-Jan-08,29-Jan-08,ARV,Adult,"JSI R&T INSTITUTE, INC.","Stavudine 20mg [Zerit], capsules, 60 Caps",Stavudine,Zerit,20mg,Capsule,60,30,179.7,5.99,0.1,"BMS Meymac, France",No,Weight Captured Separately,Freight Included in Commodity Cost,0.29
85717,104-CI-T30,FPQ-5925,SO-37120,DN-2033,Côte d'Ivoire,PMO - US,From RDC,N/A - From RDC,Truck,6/23/2010,N/A - From RDC,28-Oct-10,23-Nov-10,23-Nov-10,ARV,Pediatric,SCMS from RDC,"Efavirenz 50mg, capsule, 30 Caps",Efavirenz,Generic,50mg,Capsule,30,1764,3951.36,2.24,0.07,"Aurobindo Unit III, India",No,See DN-2033 (ID#:82922),See DN-2033 (ID#:82922),8.52
12271,123-NG-T01,Pre-PQ Process,SO-22830,DN-1166,Nigeria,PMO - US,From RDC,N/A - From RDC,Air Charter,Pre-PQ Process,N/A - From RDC,8-May-09,8-May-09,8-May-09,ARV,Adult,SCMS from RDC,"Efavirenz 600mg, tablets, 30 Tabs",Efavirenz,Generic,600mg,Tablet,30,25000,275000.0,11.0,0.37,"Aurobindo Unit III, India",Yes,2267,15128.37,539.0
83123,114-UG-T30,FPQ-11133,SO-43871,DN-3065,Uganda,PMO - US,From RDC,N/A - From RDC,Truck,12/13/2012,N/A - From RDC,28-Jun-13,20-Mar-13,20-Mar-13,ARV,Adult,SCMS from RDC,"Abacavir/Lamivudine 600/300mg, scored tablets, 30 Tabs",Abacavir/Lamivudine,Generic,600/300mg,Tablet - FDC,30,5760,80409.6,13.96,0.47,Mylan (formerly Matrix) Nashik,Yes,610,6585.03,99.47
11840,107-RW-T01,Pre-PQ Process,SO-1223,DN-572,Rwanda,PMO - US,From RDC,N/A - From RDC,Air,Pre-PQ Process,N/A - From RDC,28-Jan-08,28-Jan-08,28-Jan-08,HRDT,HIV test,SCMS from RDC,"HIV 1/2, Determine HIV Kit, without Lancets, 100 Tests","HIV 1/2, Determine HIV Kit, without Lancets",Determine,,Test kit,100,1250,89987.5,71.99,0.72,Inverness Japan,Yes,362,8143.19,143.98
12147,100-ZW-T01,Pre-PQ Process,SO-710,DN-488,Zimbabwe,PMO - US,From RDC,N/A - From RDC,Air,Pre-PQ Process,N/A - From RDC,14-Jan-08,14-Jan-08,14-Jan-08,ARV,Adult,SCMS from RDC,"Efavirenz 600mg, tablets, 30 Tabs",Efavirenz,Generic,600mg,Tablet,30,1860,23101.2,12.42,0.41,"Cipla, Goa, India",No,See DN-488 (ID#:10652),See DN-488 (ID#:10652),36.96
23666,116-ZA-T30,FPQ-13214,SCMS-215410,ASN-23875,South Africa,PMO - US,Direct Drop,DDP,Truck,11/14/2013,12/2/2013,13-Jan-14,13-Jan-14,13-Jan-14,ARV,Pediatric,S. BUYS WHOLESALER,"Lamivudine 10mg/ml, oral solution w/syringe, Bottle, 240 ml",Lamivudine,Generic,10mg/ml,Oral solution,240,54,382.47,7.08,0.03,"Aurobindo Unit III, India",No,Weight Captured Separately,Freight Included in Commodity Cost,0.39
65675,109-TZ-T30,FPQ-13804,SCMS-231090,ASN-25332,Tanzania,PMO - US,Direct Drop,EXW,Air,2/28/2014,3/7/2014,24-Jun-14,24-Jun-14,24-Jun-14,ARV,Adult,MYLAN LABORATORIES LTD (FORMERLY MATRIX LABORATORIES),"Abacavir 300mg, tablets, 60 Tabs",Abacavir,Generic,300mg,Tablet,60,20000,221800.0,11.09,0.18,Mylan (formerly Matrix) Nashik,Yes,2069,9716.76,228.01
11307,104-CI-T01,Pre-PQ Process,SO-16181,DN-1019,Côte d'Ivoire,PMO - US,From RDC,N/A - From RDC,Air,Pre-PQ Process,N/A - From RDC,27-Nov-08,27-Nov-08,27-Nov-08,ARV,Pediatric,SCMS from RDC,"Zidovudine 10mg/ml, oral solution, Bottle, 240 ml",Zidovudine,Generic,10mg/ml,Oral solution,240,5800,12180.0,2.1,0.01,"Aurobindo Unit III, India",Yes,2177,5127.91,23.87
84769,106-HT-T30,FPQ-10883,SO-43600,DN-2934,Haiti,PMO - US,From RDC,N/A - From RDC,Air,10/30/2012,N/A - From RDC,3-Dec-12,14-Nov-12,14-Nov-12,ARV,Adult,SCMS from RDC,"Lamivudine/Nevirapine/Zidovudine 150/200/300mg, tablets, 60 Tabs",Lamivudine/Nevirapine/Zidovudine,Generic,150/300/200mg,Tablet - FDC,60,9696,93275.52,9.62,0.16,Mylan (formerly Matrix) Nashik,No,See DN-2934 (ID#:83094),See DN-2934 (ID#:83094),115.38
11130,104-CI-T01,Pre-PQ Process,SO-560,DN-146,Côte d'Ivoire,PMO - US,From RDC,N/A - From RDC,,Pre-PQ Process,N/A - From RDC,16-May-07,16-May-07,16-May-07,ARV,Adult,SCMS from RDC,"Abacavir 300mg, tablets, 60 Tabs",Abacavir,Generic,300mg,Tablet,60,1200,42960.0,35.8,0.6,"Aurobindo Unit III, India",No,See DN-146 (ID#:10834),See DN-146 (ID#:10834),
84732,151-NG-T30,FPQ-9432,SO-42643,DN-2734,Nigeria,PMO - US,From RDC,N/A - From RDC,Air Charter,3/1/2012,N/A - From RDC,2-Aug-12,10-Jul-12,10-Jul-12,ARV,Adult,SCMS from RDC,"Emtricitabine/Tenofovir Disoproxil Fumarate 200/300mg, tablets, 30 Tabs",Emtricitabine/Tenofovir Disoproxil Fumarate,Generic,200/300mg,Tablet - FDC,30,53000,376830.0,7.11,0.24,"Aurobindo Unit III, India",Yes,5252,21347.13,528.32
1080,116-ZA-T01,Pre-PQ Process,SCMS-41480,ASN-5055,South Africa,PMO - US,Direct Drop,DDP,Truck,Pre-PQ Process,6/15/2009,19-Aug-09,19-Aug-09,19-Aug-09,ARV,Adult,S. BUYS WHOLESALER,"Stavudine 15mg [Zerit], capsules, 60 Caps",Stavudine,Zerit,15mg,Capsule,60,2700,10665.0,3.95,0.07,"BMS Meymac, France",Yes,Weight Captured Separately,Freight Included in Commodity Cost,20.9
10674,109-TZ-T01,Pre-PQ Process,SO-2560,DN-826,Tanzania,PMO - US,From RDC,N/A - From RDC,Air,Pre-PQ Process,N/A - From RDC,29-Jul-08,29-Jul-08,29-Jul-08,ARV,Adult,SCMS from RDC,"Nevirapine 200mg, tablets, 60 Tabs",Nevirapine,Generic,200mg,Tablet,60,1300,4420.0,3.4,0.06,"Ranbaxy, Paonta Shahib, India",Yes,16709,15210,7.07
45723,105-SS-T30,FPQ-12623,SCMS-200911,ASN-22749,South Sudan,PMO - US,Direct Drop,EXW,Air,7/18/2013,8/5/2013,24-Jan-14,24-Jan-14,24-Jan-14,HRDT,HIV test - Ancillary,"Orgenics, Ltd","Capillary Tubes, for Determine, EDTA, 50uL,100 Pcs","HIV, Capillary Tubes, for Determine, EDTA, 50uL,100 Pcs",Determine,,Test kit - Ancillary,100,115,920.0,8.0,0.08,"Alere Medical Co., Ltd.",Yes,149,3256.76,1.14
84067,104-CI-T30,FPQ-5925,SO-38300,DN-2139,Côte d'Ivoire,PMO - US,From RDC,N/A - From RDC,Air,6/23/2010,N/A - From RDC,15-Mar-11,29-Mar-11,29-Mar-11,ARV,Pediatric,SCMS from RDC,"Didanosine 200mg, chewable/dispersible tablets, 60 Tabs",Didanosine,Generic,200mg,Chewable/dispersible tablet,60,648,10044.0,15.5,0.26,"Aurobindo Unit III, India",Yes,138,17941.47,21.65
85133,114-UG-T30,FPQ-5238,SO-36070,DN-1949,Uganda,PMO - US,From RDC,N/A - From RDC,Air,3/2/2010,N/A - From RDC,4-Aug-10,2-Aug-10,2-Aug-10,ARV,Adult,SCMS from RDC,"Efavirenz 600mg, tablets, 30 Tabs",Efavirenz,Generic,600mg,Tablet,30,3000,13350.0,4.45,0.15,"Strides, Bangalore, India.",No,See DN-1949 (ID#:83444),See DN-1949 (ID#:83444),28.78
16173,109-TZ-T30,FPQ-7992,SCMS-117230,ASN-13952,Tanzania,PMO - US,Direct Drop,FCA,Air,7/8/2011,8/4/2011,29-Mar-12,29-Mar-12,29-Mar-12,ARV,Pediatric,LAWRENCE LABORATORIES (SUBSIDIARY OF BRISTOL MYERS SQUIBB),"Didanosine 100mg [Videx],chewable tablets, 60 Tabs",Didanosine,Videx,100mg,Chewable/dispersible tablet,60,4132,52683.0,12.75,0.21,Bristol-Myers Squibb Anagni IT,Yes,1598,12689.71,86.93
64363,111-MZ-T30,FPQ-8527,SCMS-130160,ASN-13818,Mozambique,PMO - US,Direct Drop,EXW,Air,10/5/2011,12/29/2011,2-May-12,2-May-12,2-May-12,HRDT,HIV test,"Orgenics, Ltd","HIV 1/2, Determine Complete HIV Kit, 100 Tests","HIV 1/2, Determine Complete HIV Kit",Determine,,Test kit,100,3094,247520.0,80.0,0.8,"Alere Medical Co., Ltd.",Yes,1477,27686.29,408.41
83562,101-CD-T30,FPQ-8840,SO-41143,DN-2507,"Congo, DRC",PMO - US,From RDC,N/A - From RDC,Air,11/21/2011,N/A - From RDC,16-Mar-12,11-Apr-12,11-Apr-12,ARV,Pediatric,SCMS from RDC,"Nevirapine 10mg/ml, oral suspension w/syringe, Bottle, 240 ml",Nevirapine,Generic,10mg/ml,Oral suspension,240,699,1363.05,1.95,0.01,"Aurobindo Unit III, India",No,See DN-2507 (ID#:82440),See DN-2507 (ID#:82440),1.91
86498,151-NG-T30,FPQ-8952,SO-42804,DN-2771,Nigeria,PMO - US,From RDC,N/A - From RDC,Air Charter,12/8/2011,N/A - From RDC,30-Jul-12,24-Jul-12,24-Jul-12,ARV,Adult,SCMS from RDC,"Efavirenz/Emtricitabine/Tenofovir Disoproxil Fumarate 600/200/300mg, tablets, 30 Tabs",Efavirenz/Emtricitabine/Tenofovir Disoproxil Fumarate,Generic,600/200/300mg,Tablet - FDC,30,69356,1043114.24,15.04,0.5,Mylan (formerly Matrix) Nashik,Yes,8038,16532.5,1462.45
3154,102-BW-T01,Pre-PQ Process,SCMS-22770,ASN-2234,Botswana,PMO - US,Direct Drop,EXW,Air,Pre-PQ Process,4/28/2008,20-Jan-09,3-Sep-08,3-Sep-08,HRDT,HIV test,"Orgenics, Ltd","HIV 1/2, Determine HIV Kit, without Lancets, 100 Tests","HIV 1/2, Determine HIV Kit, without Lancets",Determine,,Test kit,100,100,7199.0,71.99,0.72,Inverness Japan,Yes,25,1038.39,11.52
59928,108-VN-T30,FPQ-12187,SCMS-188540,ASN-21694,Vietnam,PMO - US,Direct Drop,EXW,Air,5/3/2013,5/10/2013,11-Oct-13,11-Oct-13,11-Oct-13,ARV,Adult,MYLAN LABORATORIES LTD (FORMERLY MATRIX LABORATORIES),"Efavirenz/Lamivudine/Tenofovir Disoproxil Fumarate 600/300/300mg, tablets, 30 Tabs",Efavirenz/Lamivudine/Tenofovir Disoproxil Fumarate,Generic,600/300/300mg,Tablet - FDC,30,14500,166605.0,11.49,0.38,Mylan (formerly Matrix) Nashik,Yes,1640,2503.07,206.09
33964,901-CM-T30,FPQ-12837,SCMS-204300,ASN-21698,Cameroon,PMO - US,Direct Drop,EXW,Air,8/19/2013,8/23/2013,18-Oct-13,18-Oct-13,18-Oct-13,ARV,Adult,Aurobindo Pharma Limited,"Zidovudine 300mg, tablets, 60 Tabs",Zidovudine,Generic,300mg,Tablet,60,16820,91332.6,5.43,0.09,"Aurobindo Unit III, India",Yes,2993,28620.2,112.98
14200,116-ZA-T30,FPQ-13214,SCMS-215410,ASN-23875,South Africa,PMO - US,Direct Drop,DDP,Truck,11/14/2013,12/2/2013,13-Jan-14,13-Jan-14,13-Jan-14,ARV,Adult,S. BUYS WHOLESALER,"Lamivudine/Zidovudine 150/300mg, tablets, 60 Tabs",Lamivudine/Zidovudine,Generic,150/300mg,Tablet - FDC,60,59,1653.14,28.02,0.47,"Cipla, Goa, India",Yes,Weight Captured Separately,Freight Included in Commodity Cost,1.7
45320,116-ZA-T30,FPQ-12522,SCMS-199283,ASN-27979,South Africa,PMO - US,Direct Drop,DDP,Truck,7/11/2013,8/27/2014,27-Aug-14,27-Aug-14,27-Aug-14,ARV,Adult,S. BUYS WHOLESALER,"Nevirapine 200mg, tablets, 60 Tabs",Nevirapine,Generic,200mg,Tablet,60,33,650.7,19.72,0.33,"Aurobindo Unit III, India",No,Weight Captured Separately,Freight Included in Commodity Cost,0.8
12352,104-CI-T01,Pre-PQ Process,SO-585,DN-193,Côte d'Ivoire,PMO - US,From RDC,N/A - From RDC,,Pre-PQ Process,N/A - From RDC,28-Jun-07,28-Jun-07,28-Jun-07,ARV,Adult,SCMS from RDC,"Abacavir 300mg, tablets, 60 Tabs",Abacavir,Generic,300mg,Tablet,60,2100,75180.0,35.8,0.6,"Aurobindo Unit III, India",No,See DN-193 (ID#:11387),See DN-193 (ID#:11387),120.29
85570,151-NG-T30,FPQ-14766,SO-49685,DN-4172,Nigeria,PMO - US,From RDC,N/A - From RDC,Air Charter,8/13/2014,N/A - From RDC,28-Feb-15,10-Mar-15,17-Mar-15,ARV,Adult,SCMS from RDC,"Efavirenz/Lamivudine/Tenofovir Disoproxil Fumarate 600/300/300mg, tablets, 30 Tabs",Efavirenz/Lamivudine/Tenofovir Disoproxil Fumarate,Generic,600/300/300mg,Tablet - FDC,30,128500,1233600.0,9.6,0.32,Mylan (formerly Matrix) Nashik,No,See DN-4172 (ID#:82785),See DN-4172 (ID#:82785),1268.14
86603,151-NG-T30,FPQ-11864,SO-44931,DN-3324,Nigeria,PMO - US,From RDC,N/A - From RDC,Air Charter,3/14/2013,N/A - From RDC,18-Sep-13,12-Sep-13,12-Sep-13,ARV,Adult,SCMS from RDC,"Lamivudine/Nevirapine/Zidovudine 150/200/300mg, tablets, 60 Tabs",Lamivudine/Nevirapine/Zidovudine,Generic,150/300/200mg,Tablet - FDC,60,160000,1372800.0,8.58,0.14,"Aurobindo Unit III, India",No,See DN-3324 (ID#:84854),See DN-3324 (ID#:84854),1698.15
82654,101-CD-T30,FPQ-13554,SO-47630,DN-3561,"Congo, DRC",PMO - US,From RDC,N/A - From RDC,Air,1/15/2014,N/A - From RDC,30-May-14,19-May-14,26-Jun-14,ARV,Adult,SCMS from RDC,"Abacavir 300mg, tablets, 60 Tabs",Abacavir,Generic,300mg,Tablet,60,489,5555.04,11.36,0.19,"Aurobindo Unit III, India",Yes,2045,16083.32,5.71
85084,106-HT-T30,FPQ-4384,SO-34680,DN-1627,Haiti,PMO - US,From RDC,N/A - From RDC,Air,10/23/2009,N/A - From RDC,5-Mar-10,3-Mar-10,3-Mar-10,ARV,Adult,SCMS from RDC,"Efavirenz 600mg, tablets, 30 Tabs",Efavirenz,Generic,600mg,Tablet,30,26712,154395.36,5.78,0.19,"Aurobindo Unit III, India",Yes,2342,12016.69,332.88
60994,102-SD-T30,FPQ-8264,SCMS-121853,ASN-13539,Sudan,PMO - US,Direct Drop,EXW,Air,9/7/2011,9/14/2011,20-Feb-12,20-Feb-12,20-Feb-12,HRDT,HIV test - Ancillary,"Orgenics, Ltd","Capillary Tubes, for Determine, EDTA, 50uL,100 Pcs","HIV, Capillary Tubes, for Determine, EDTA, 50uL,100 Pcs",Determine,,Test kit - Ancillary,100,1,8.0,8.0,0.08,"Alere Medical Co., Ltd.",Yes,2,980.7,0.01
58134,133-NG-T30,FPQ-12456,SCMS-196561,ASN-22352,Nigeria,PMO - US,Direct Drop,EXW,Air,6/10/2013,7/10/2013,7-Nov-13,11-Nov-13,17-Nov-13,HRDT,HIV test,"Orgenics, Ltd","HIV 1/2, Determine Complete HIV Kit, 100 Tests","HIV 1/2, Determine Complete HIV Kit",Determine,,Test kit,100,3050,271450.0,89.0,0.89,"Alere Medical Co., Ltd.",Yes,1238,22872.42,335.78
2588,108-VN-T01,Pre-PQ Process,SCMS-46560,ASN-4709,Vietnam,PMO - US,Direct Drop,CIP,Air,Pre-PQ Process,5/27/2009,19-Aug-09,19-Aug-09,19-Aug-09,ARV,Pediatric,BRISTOL-MYERS SQUIBB,"Didanosine 25mg [Videx], chewable tablets, 60 Tabs",Didanosine,Videx,25mg,Chewable/dispersible tablet,60,120,840.0,7.0,0.12,"BMS Meymac, France",Yes,Weight Captured Separately,Freight Included in Commodity Cost,1.65
12735,100-ZW-T01,Pre-PQ Process,SO-1150,DN-425,Zimbabwe,PMO - US,From RDC,N/A - From RDC,Air,Pre-PQ Process,N/A - From RDC,16-Nov-07,16-Nov-07,16-Nov-07,ARV,Adult,SCMS from RDC,"Lamivudine/Nevirapine/Stavudine 150/200/30mg, tablets, 60 Tabs",Lamivudine/Nevirapine/Stavudine,Generic,150/200/30mg,Tablet - FDC,60,22,162.8,7.4,0.12,"Cipla, Goa, India",No,See DN-425 (ID#:11810),See DN-425 (ID#:11810),0.26
84390,110-ZM-T30,FPQ-13692,SO-47991,DN-3822,Zambia,PMO - US,From RDC,N/A - From RDC,Truck,2/6/2014,N/A - From RDC,14-Jul-14,3-Sep-14,6-Oct-14,ARV,Pediatric,SCMS from RDC,"Abacavir/Lamivudine 60/30mg, tablets, 60 Tabs",Abacavir/Lamivudine,Generic,60/30mg,Tablet - FDC,60,18027,73730.43,4.09,0.07,"Aurobindo Unit III, India",Yes,1228,1765.18,75.79
10702,110-ZM-T01,Pre-PQ Process,SO-1887,DN-700,Zambia,PMO - US,From RDC,N/A - From RDC,,Pre-PQ Process,N/A - From RDC,8-May-08,8-May-08,8-May-08,ARV,Adult,SCMS from RDC,"Emtricitabine/Tenofovir Disoproxil Fumarate 200/300mg [Truvada], tablets, 30 Tabs",Emtricitabine/Tenofovir Disoproxil Fumarate,Truvada,300/200mg,Tablet - FDC,30,43154,1132792.5,26.25,0.88,"Aspen-OSD, Port Elizabeth, SA",Yes,3788,1910.61,1812.47
83480,111-MZ-T30,FPQ-6981,SO-38360,DN-2096,Mozambique,PMO - US,From RDC,N/A - From RDC,Truck,1/6/2011,N/A - From RDC,31-Mar-11,9-Mar-11,9-Mar-11,ARV,Pediatric,SCMS from RDC,"Zidovudine 10mg/ml, oral solution w/syringe, Bottle, 240 ml",Zidovudine,Generic,10mg/ml,Oral solution,240,4000,8400.0,2.1,0.01,"Aurobindo Unit III, India",Yes,1137,4711.97,13.86
66373,102-GY-T30,FPQ-4870,SCMS-63870,ASN-6095,Guyana,PMO - US,Direct Drop,EXW,Air,1/11/2010,2/4/2010,4-Mar-10,4-Mar-10,4-Mar-10,HRDT,HIV test,"Trinity Biotech, Plc","HIV 1/2, Uni-Gold HIV Kit, 20 Tests","HIV 1/2, Uni-Gold HIV Kit",Uni-Gold,,Test kit,20,2334,74688.0,32.0,1.6,"Trinity Biotech, Plc",Yes,807,6558.08,161.03
9279,114-UG-T01,Pre-PQ Process,SCMS-157,ASN-127,Uganda,PMO - US,Direct Drop,EXW,Air,Pre-PQ Process,Date Not Captured,21-Dec-06,21-Dec-06,21-Dec-06,ARV,Adult,Aurobindo Pharma Limited,"Efavirenz 600mg, tablets, 30 Tabs",Efavirenz,Generic,600mg,Tablet,30,5080,85090.0,16.75,0.56,"Aurobindo Unit III, India",No,See ASN-127 (ID#:3955),See ASN-127 (ID#:3955),
61518,101-CD-T30,FPQ-14100,SCMS-239410,ASN-26738,"Congo, DRC",PMO - US,Direct Drop,EXW,Air,4/23/2014,5/20/2014,5-Sep-14,5-Sep-14,16-Sep-14,HRDT,HIV test,"Trinity Biotech, Plc","HIV 1/2, Uni-Gold HIV Kit, 20 Tests","HIV 1/2, Uni-Gold HIV Kit",Uni-Gold,,Test kit,20,65,2080.0,32.0,1.6,"Trinity Biotech, Plc",No,See ASN-26738 (ID#:15115),See ASN-26738 (ID#:15115),2.14
82646,101-CD-T30,FPQ-12088,SO-45032,DN-3513,"Congo, DRC",PMO - US,From RDC,N/A - From RDC,Air,4/12/2013,N/A - From RDC,26-Mar-14,26-Mar-14,28-Apr-14,ARV,Pediatric,SCMS from RDC,"Abacavir/Lamivudine 60/30mg, tablets, 60 Tabs",Abacavir/Lamivudine,Generic,60/30mg,Tablet - FDC,60,5,20.0,4.0,0.07,"Aurobindo Unit III, India",Yes,Weight Captured Separately,Invoiced Separately,0.02
85357,114-UG-T30,FPQ-11133,SO-43880,DN-3127,Uganda,PMO - US,From RDC,N/A - From RDC,Truck,12/13/2012,N/A - From RDC,4-Jun-13,4-Jun-13,4-Jun-13,ARV,Adult,SCMS from RDC,"Lamivudine/Tenofovir Disoproxil Fumarate 300/300mg, tablets, 30 Tabs",Lamivudine/Tenofovir Disoproxil Fumarate,Generic,300/300mg,Tablet - FDC,30,26940,126618.0,4.7,0.16,"Aurobindo Unit VII, IN",Yes,2517,11803.13,156.63
19851,114-UG-T30,FPQ-12777,SCMS-202560,ASN-22984,Uganda,PMO - US,Direct Drop,EXW,Air,8/5/2013,8/9/2013,10-Dec-13,12-Dec-13,13-Dec-13,ARV,Pediatric,Aurobindo Pharma Limited,"Nevirapine 10mg/ml, oral suspension w/syringe, Bottle, 100 ml",Nevirapine,Generic,10mg/ml,Oral suspension,100,11310,14703.0,1.3,0.01,"Aurobindo Unit III, India",Yes,2454,10898.12,18.19
53556,109-TZ-T30,FPQ-12868,SCMS-205680,ASN-22152,Tanzania,PMO - US,Direct Drop,EXW,Air,8/23/2013,9/9/2013,21-Nov-13,21-Nov-13,21-Nov-13,ARV,Adult,Aurobindo Pharma Limited,"Abacavir 300mg, tablets, 60 Tabs",Abacavir,Generic,300mg,Tablet,60,19000,216600.0,11.4,0.19,"Aurobindo Unit III, India",Yes,1909,9612.49,267.93
21493,102-BI-T30,FPQ-12580,SCMS-199580,ASN-21349,Burundi,PMO - US,Direct Drop,EXW,Air,7/9/2013,7/31/2013,20-Sep-13,20-Sep-13,20-Sep-13,HRDT,HIV test,"CHEMBIO DIAGNOSTIC SYSTEMS, INC.","HIV 1/2, Stat-Pak Dipstick Assay Kit, 30 Tests","HIV 1/2, Stat-Pak Dipstick Assay Kit",Stat-Pak,,Test kit,30,1249,34472.4,27.6,0.92,Chembio Diagnostics Sys. Inc.,Yes,145,1682.15,42.64
82479,151-NG-T30,FPQ-8952,SO-41255,DN-2684,Nigeria,PMO - US,From RDC,N/A - From RDC,Air Charter,12/8/2011,N/A - From RDC,4-Jul-12,3-Jun-12,3-Jun-12,ARV,Adult,SCMS from RDC,"Lamivudine/Nevirapine/Zidovudine 150/200/300mg, tablets, 60 Tabs",Lamivudine/Nevirapine/Zidovudine,Generic,150/300/200mg,Tablet - FDC,60,220000,2420000.0,11.0,0.18,"Aurobindo Unit III, India",Yes,28776,17090,3392.84
85198,104-CI-T30,FPQ-7659,SO-40121,DN-2304,Côte d'Ivoire,PMO - US,From RDC,N/A - From RDC,Air,5/3/2011,N/A - From RDC,27-Sep-11,12-Sep-11,12-Sep-11,ARV,Adult,SCMS from RDC,"Lamivudine/Nevirapine/Zidovudine 150/200/300mg, tablets, 60 Tabs",Lamivudine/Nevirapine/Zidovudine,Generic,150/300/200mg,Tablet - FDC,60,23147,259709.34,11.22,0.19,"Aurobindo Unit III, India",No,See DN-2304 (ID#:82395),See DN-2304 (ID#:82395),428.52
37612,103-ZW-T30,FPQ-13969,SCMS-239170,ASN-26975,Zimbabwe,PMO - US,Direct Drop,EXW,Ocean,4/8/2014,5/15/2014,10-Sep-14,10-Sep-14,30-Oct-14,ARV,Pediatric,ABBVIE LOGISTICS (FORMERLY ABBOTT LOGISTICS BV),"Lopinavir/Ritonavir 100/25mg [Aluvia], tablets, 60 Tabs",Lopinavir/Ritonavir,Generic,100/25mg,Tablet,60,41840,248529.6,5.94,0.1,ABBVIE Ludwigshafen Germany,Yes,4528,25189.51,255.49
11709,112-NG-T01,Pre-PQ Process,SO-340,DN-72,Nigeria,PMO - US,From RDC,N/A - From RDC,,Pre-PQ Process,N/A - From RDC,17-Apr-07,17-Apr-07,17-Apr-07,ARV,Pediatric,SCMS from RDC,"Lamivudine 10mg/ml, oral solution, Bottle, 240 ml",Lamivudine,Generic,10mg/ml,Oral solution,240,1200,2640.0,2.2,0.01,"Aurobindo Unit III, India",No,See DN-72 (ID#:11097),See DN-72 (ID#:11097),
65693,116-ZA-T30,FPQ-13035,SCMS-215370,ASN-24415,South Africa,PMO - US,Direct Drop,DDP,Truck,10/8/2013,12/2/2013,6-Feb-14,6-Feb-14,6-Feb-14,ARV,Adult,S. BUYS WHOLESALER,"Tenofovir Disoproxil Fumarate 300mg, tablets, 30 Tabs",Tenofovir Disoproxil Fumarate,Generic,300mg,Tablet,30,2906,54302.12,18.69,0.62,Hetero Unit III Hyderabad IN,No,Weight Captured Separately,Freight Included in Commodity Cost,67.17
60502,161-ZA-T30,FPQ-6708,SCMS-93540,ASN-10556,South Africa,PMO - US,Direct Drop,DDP,Ocean,11/26/2010,12/14/2010,31-May-11,31-May-11,31-May-11,ARV,Adult,Aurobindo Pharma Limited,"Tenofovir Disoproxil Fumarate 300mg, tablets, 30 Tabs",Tenofovir Disoproxil Fumarate,Generic,300mg,Tablet,30,79250,527012.5,6.65,0.22,"Aurobindo Unit III, India",Yes,7397,8809.08,869.57
32986,106-HT-T30,FPQ-16241,SCMS-288910,ASN-33289,Haiti,PMO - US,Direct Drop,EXW,Air,5/5/2015,5/27/2015,10-Aug-15,10-Aug-15,11-Aug-15,ARV,Pediatric,HETERO LABS LIMITED,"Lamivudine 10mg/ml, oral solution, Bottle, 240 ml",Lamivudine,Generic,10mg/ml,Oral solution,240,2292,3506.76,1.53,0.01,Hetero Unit III Hyderabad IN,Yes,Weight Captured Separately,Invoiced Separately,4.13
13064,116-ZA-T30,FPQ-14942,SCMS-259075,ASN-32122,South Africa,PMO - US,Direct Drop,DDP,Truck,9/11/2014,5/11/2015,12-May-15,12-May-15,12-May-15,ARV,Adult,PHARMACY DIRECT,"Abacavir 300mg, tablets, 60 Tabs",Abacavir,Generic,300mg,Tablet,60,25,1246.3,49.85,0.83,"Aurobindo Unit III, India",Yes,Weight Captured Separately,Freight Included in Commodity Cost,1.28
65978,108-VN-T30,FPQ-6818,SCMS-97820,ASN-10345,Vietnam,PMO - US,Direct Drop,EXW,Air,1/17/2011,2/9/2011,13-Apr-11,13-Apr-11,13-Apr-11,ARV,Adult,STRIDES ARCOLAB LIMITED,"Lamivudine/Nevirapine/Stavudine 150/200/30mg, tablets, 60 Tabs",Lamivudine/Nevirapine/Stavudine,Generic,150/200/30mg,Tablet - FDC,60,9377,50542.03,5.39,0.09,"Strides, Bangalore, India.",Yes,692,8494.45,83.39
70553,106-HT-T30,FPQ-13797,SCMS-233980,ASN-26456,Haiti,PMO - US,Direct Drop,EXW,Air,3/20/2014,4/30/2014,1-Aug-14,1-Aug-14,12-Aug-14,ARV,Pediatric,CIPLA LIMITED,"Lamivudine/Nevirapine/Zidovudine 30/50/60mg, dispersible tablets, 60 Tabs",Lamivudine/Nevirapine/Zidovudine,Generic,30/50/60mg,Chewable/dispersible tablet - FDC,60,2594,9338.4,3.6,0.06,"Cipla, Goa, India",Yes,231,2076.58,9.6
32344,100-DO-T30,FPQ-6126,SCMS-83590,ASN-8401,Dominican Republic,PMO - US,Direct Drop,EXW,Truck,8/19/2010,9/2/2010,22-Oct-10,22-Oct-10,22-Oct-10,ARV,Adult,"ABBVIE, SRL (FORMALLY ABBOTT LABORATORIES INTERNATIONAL CO.)","Ritonavir 100mg [Norvir], capsules, cool, 2 x 84 Caps",Ritonavir,Norvir,100mg,Capsule,168,346,49824.0,144.0,0.86,ABBVIE (Abbott) St. P'burg USA,Yes,268,666.66,107.42
44265,107-RW-T30,FPQ-3859,SCMS-48873,ASN-9691,Rwanda,PMO - US,Direct Drop,CIP,Air,6/30/2009,7/7/2009,8-Feb-11,8-Feb-11,8-Feb-11,ARV,Adult,Aurobindo Pharma Limited,"Didanosine 400mg, delayed-release capsules, 30 Caps",Didanosine,Generic,400mg,Delayed-release capsules,30,276,6187.92,22.42,0.75,"Aurobindo Unit III, India",Yes,Weight Captured Separately,Freight Included in Commodity Cost,12.13
44092,102-GY-T30,FPQ-6501,SCMS-89530,ASN-9004,Guyana,PMO - US,Direct Drop,EXW,Air,10/8/2010,10/27/2010,12-Jan-11,12-Jan-11,12-Jan-11,HRDT,HIV test - Ancillary,"CHEMBIO DIAGNOSTIC SYSTEMS, INC.","HIV 1/2, Stat-Pak Buffer Only, 20 Tests","HIV 1/2, Stat-Pak Buffer Only",Stat-Pak,,Test kit - Ancillary,1,40,100.0,2.5,2.5,Chembio Diagnostics Sys. Inc.,Yes,2,281.61,0.16
22290,110-ZM-T30,FPQ-12252,SCMS-189240,ASN-20481,Zambia,PMO - US,Direct Drop,EXW,Air,5/2/2013,5/22/2013,5-Aug-13,9-Aug-13,9-Aug-13,HRDT,HIV test,"Orgenics, Ltd","HIV 1/2, Determine Complete HIV Kit, 100 Tests","HIV 1/2, Determine Complete HIV Kit",Determine,,Test kit,100,3038,243040.0,80.0,0.8,"Alere Medical Co., Ltd.",Yes,1259,19517.12,300.64
12064,112-NG-T01,Pre-PQ Process,SO-557,DN-172,Nigeria,PMO - US,From RDC,N/A - From RDC,,Pre-PQ Process,N/A - From RDC,26-Jun-07,26-Jun-07,26-Jun-07,ARV,Adult,SCMS from RDC,"Lamivudine/Nevirapine/Stavudine 150/200/30mg, tablets, 60 Tabs",Lamivudine/Nevirapine/Stavudine,Generic,150/200/30mg,Tablet - FDC,60,1799,13492.5,7.5,0.12,"Cipla, Goa, India",No,See DN-172 (ID#:10566),See DN-172 (ID#:10566),
85230,101-CD-T30,FPQ-8840,SO-41146,DN-2510,"Congo, DRC",PMO - US,From RDC,N/A - From RDC,Air,11/21/2011,N/A - From RDC,16-Mar-12,23-Mar-12,23-Mar-12,ARV,Adult,SCMS from RDC,"Zidovudine 300mg, tablets, 60 Tabs",Zidovudine,Generic,300mg,Tablet,60,105,737.1,7.02,0.12,Hetero Unit III Hyderabad IN,No,See DN-2510 (ID#:82442),See DN-2510 (ID#:82442),1.03
35749,161-ZA-T30,FPQ-7175,SCMS-103450,ASN-13058,South Africa,PMO - US,Direct Drop,DDP,Ocean,3/10/2011,3/24/2011,13-Oct-11,24-Jan-12,24-Jan-12,ARV,Pediatric,Aurobindo Pharma Limited,"Nevirapine 10mg/ml, oral suspension w/syringe, Bottle, 240 ml",Nevirapine,Generic,10mg/ml,Oral suspension,240,19098,43161.48,2.26,0.01,"Aurobindo Unit III, India",Yes,6876,461.5,71.22
83122,109-TZ-T30,FPQ-10545,SO-43131,DN-3062,Tanzania,PMO - US,From RDC,N/A - From RDC,Truck,8/24/2012,N/A - From RDC,31-Mar-13,2-Apr-13,2-Apr-13,ARV,Adult,SCMS from RDC,"Emtricitabine/Tenofovir Disoproxil Fumarate 200/300mg, tablets, 30 Tabs",Emtricitabine/Tenofovir Disoproxil Fumarate,Generic,200/300mg,Tablet - FDC,30,15027,91213.89,6.07,0.2,Mylan (formerly Matrix) Nashik,Yes,1248,4529.5,127.88
79747,161-ZA-T30,FPQ-7175,SCMS-104070,ASN-12034,South Africa,PMO - US,Direct Drop,DDP,Ocean,3/10/2011,3/28/2011,2-Nov-11,6-Dec-11,6-Dec-11,ARV,Adult,CIPLA LIMITED,"Nevirapine 200mg, tablets, 60 Tabs",Nevirapine,Generic,200mg,Tablet,60,50326,136886.72,2.72,0.05,"Cipla, Goa, India",Yes,Weight Captured Separately,Freight Included in Commodity Cost,225.86
5894,108-VN-T01,Pre-PQ Process,SCMS-26170,ASN-2339,Vietnam,PMO - US,Direct Drop,EXW,Air,Pre-PQ Process,7/1/2008,3-Sep-08,3-Sep-08,3-Sep-08,ARV,Adult,Aurobindo Pharma Limited,"Lamivudine 150mg, tablets, 60 Tabs",Lamivudine,Generic,150mg,Tablet,60,15960,38304.0,2.4,0.04,"Aurobindo Unit III, India",Yes,755,6609.02,61.29
12346,100-BW-T01,Pre-PQ Process,SO-424,DN-83,Botswana,PMO - US,From RDC,N/A - From RDC,,Pre-PQ Process,N/A - From RDC,27-Apr-07,27-Apr-07,27-Apr-07,HRDT,HIV test,SCMS from RDC,"HIV 1/2, Uni-Gold HIV Kit, 20 Tests","HIV 1/2, Uni-Gold HIV Kit",Uni-Gold,,Test kit,20,500,16000.0,32.0,1.6,"Trinity Biotech, Plc",Yes,164,1225.37,
12654,109-TZ-T01,Pre-PQ Process,SO-306,DN-144,Tanzania,PMO - US,From RDC,N/A - From RDC,Air,Pre-PQ Process,N/A - From RDC,6-Jul-07,6-Jul-07,6-Jul-07,HRDT,HIV test,SCMS from RDC,"HIV 1/2, Bioline 3.0 Kit, Lancets, Capillary pipets, Alcohol swabs included, 25 Tests","HIV 1/2, Bioline 3.0 Kit, Lancets, Capillary pipets, Alcohol swabs included",Bioline,,Test kit,25,1539,30780.0,20.0,0.8,"Standard Diagnostics, Korea",No,See DN-144 (ID#:12058),See DN-144 (ID#:12058),
12591,114-UG-T01,Pre-PQ Process,SO-31430,DN-1281,Uganda,PMO - US,From RDC,N/A - From RDC,Air,Pre-PQ Process,N/A - From RDC,26-Jun-09,26-Jun-09,26-Jun-09,ARV,Adult,SCMS from RDC,"Lopinavir/Ritonavir 200/50mg [Aluvia], tablets, 120 Tabs",Lopinavir/Ritonavir,Aluvia,200/50mg,Tablet,120,220,9042.0,41.1,0.34,ABBVIE Ludwigshafen Germany,Yes,50,1359.4,17.72
86063,114-UG-T30,FPQ-13108,SO-46870,DN-3589,Uganda,PMO - US,From RDC,N/A - From RDC,Truck,10/16/2013,N/A - From RDC,20-Apr-14,18-Apr-14,28-Apr-14,ARV,Adult,SCMS from RDC,"Lamivudine/Nevirapine/Zidovudine 150/200/300mg, tablets, 60 Tabs",Lamivudine/Nevirapine/Zidovudine,Generic,150/300/200mg,Tablet - FDC,60,50000,413000.0,8.26,0.14,"Aurobindo Unit III, India",No,See DN-3589 (ID#:82657),See DN-3589 (ID#:82657),424.56
12169,109-TZ-T01,Pre-PQ Process,SO-1941,DN-653,Tanzania,PMO - US,From RDC,N/A - From RDC,,Pre-PQ Process,N/A - From RDC,1-Apr-08,1-Apr-08,1-Apr-08,ARV,Adult,SCMS from RDC,"Efavirenz 600mg, tablets, 30 Tabs",Efavirenz,Generic,600mg,Tablet,30,32997,409822.74,12.42,0.41,"Aurobindo Unit III, India",Yes,2867,10288.1,655.72
45348,116-ZA-T30,FPQ-14942,SCMS-259077,ASN-33478,South Africa,PMO - US,Direct Drop,DDP,Truck,9/11/2014,10/9/2014,24-Jul-15,24-Jul-15,24-Jul-15,ARV,Adult,PHARMACY DIRECT,"Darunavir 600mg [Prezista], tablets, 60 Tabs",Darunavir,Prezista,600mg,Tablet,60,37,1874.52,50.66,0.84,"Janssen-Cilag, Latina, IT",No,Weight Captured Separately,Freight Included in Commodity Cost,1.93
85898,110-ZM-T30,FPQ-9773,SO-41991,DN-2833,Zambia,PMO - US,From RDC,N/A - From RDC,Truck,4/27/2012,N/A - From RDC,25-Sep-12,7-Sep-12,7-Sep-12,ARV,Adult,SCMS from RDC,"Nevirapine 200mg, tablets, 60 Tabs",Nevirapine,Generic,200mg,Tablet,60,41926,102299.44,2.44,0.04,Hetero Unit III Hyderabad IN,No,See DN-2833 (ID#:82506),See DN-2833 (ID#:82506),143.42
82426,151-NG-T30,FPQ-8364,SO-40661,DN-2465,Nigeria,PMO - US,From RDC,N/A - From RDC,Air Charter,8/29/2011,N/A - From RDC,16-Mar-12,18-Dec-11,18-Dec-11,ARV,Adult,SCMS from RDC,"Lamivudine/Nevirapine/Zidovudine 150/200/300mg, tablets, 60 Tabs",Lamivudine/Nevirapine/Zidovudine,Generic,150/300/200mg,Tablet - FDC,60,9887,110932.14,11.22,0.19,Mylan (formerly Matrix) Nashik,Yes,20845,15322.73,183.04
48559,116-ZA-T30,FPQ-14942,SCMS-259077,ASN-33477,South Africa,PMO - US,Direct Drop,DDP,Truck,9/11/2014,10/9/2014,24-Jul-15,24-Jul-15,24-Jul-15,ARV,Adult,PHARMACY DIRECT,"Nevirapine 200mg, tablets, 60 Tabs",Nevirapine,Generic,200mg,Tablet,60,20,256.48,12.82,0.21,"Aurobindo Unit III, India",No,Weight Captured Separately,Freight Included in Commodity Cost,0.26
50524,116-ZA-T30,FPQ-4359,SCMS-55000,ASN-5349,South Africa,PMO - US,Direct Drop,DDP,Truck,10/8/2009,10/15/2009,19-Oct-09,19-Oct-09,19-Oct-09,ARV,Pediatric,S. BUYS WHOLESALER,"Lopinavir/Ritonavir 80/20mg/ml [Kaletra], oral solution, cool, Bottle 5 x 60 ml",Lopinavir/Ritonavir,Kaletra,80/20mg/ml,Oral solution,300,100,4835.18,48.35,0.16,ABBVIE (Abbott) Logis. UK,Yes,Weight Captured Separately,Freight Included in Commodity Cost,9.48
49380,116-ZA-T30,FPQ-3596,SCMS-50370,ASN-5460,South Africa,PMO - US,Direct Drop,DDP,Truck,5/7/2009,9/22/2009,29-Oct-09,29-Oct-09,29-Oct-09,ARV,Adult,S. BUYS WHOLESALER,"Lamivudine 150mg, tablets, 60 Tabs",Lamivudine,Generic,150mg,Tablet,60,2000,19410.49,9.71,0.16,"Aurobindo Unit III, India",Yes,Weight Captured Separately,Freight Included in Commodity Cost,38.04
86574,111-MZ-T30,FPQ-11033,SO-43770,DN-3182,Mozambique,PMO - US,From RDC,N/A - From RDC,Truck,11/12/2012,N/A - From RDC,26-Jul-13,26-Jul-13,26-Jul-13,ARV,Adult,SCMS from RDC,"Lamivudine/Zidovudine 150/300mg, tablets, 60 Tabs",Lamivudine/Zidovudine,Generic,150/300mg,Tablet - FDC,60,32508,227556.0,7.0,0.12,Hetero Unit III Hyderabad IN,No,Weight Captured Separately,Freight Included in Commodity Cost,281.49
82359,111-MZ-T30,FPQ-6426,SO-37590,DN-2051,Mozambique,PMO - US,From RDC,N/A - From RDC,Truck,9/23/2010,N/A - From RDC,20-Dec-10,23-Dec-10,23-Dec-10,ARV,Adult,SCMS from RDC,"Lamivudine/Stavudine 150/30mg, tablets, 60 Tabs",Lamivudine/Stavudine,Generic,150/30mg,Tablet - FDC,60,2996,9587.2,3.2,0.05,"Cipla, Goa, India",Yes,6022,6500.45,20.67
1861,107-RW-T01,Pre-PQ Process,SCMS-25090,ASN-2256,Rwanda,PMO - US,Direct Drop,EXW,Air,Pre-PQ Process,6/12/2008,16-Aug-08,16-Aug-08,16-Aug-08,HRDT,HIV test,"Trinity Biotech, Plc","HIV 1/2, Capillus HIV Kit, 100 Tests","HIV 1/2, Capillus HIV Kit",Capillus,,Test kit,100,340,47260.0,139.0,1.39,"Trinity Biotech, Plc",Yes,234,5446.06,75.62
39489,105-GY-T30,FPQ-14694,SCMS-252360,ASN-28009,Guyana,PMO - US,Direct Drop,EXW,Air,7/28/2014,8/13/2014,17-Sep-14,17-Sep-14,10-Nov-14,HRDT,HIV test,"Trinity Biotech, Plc","HIV 1/2, Uni-Gold HIV Kit, 20 Tests","HIV 1/2, Uni-Gold HIV Kit",Uni-Gold,,Test kit,20,2653,84896.0,32.0,1.6,"Trinity Biotech, Plc",Yes,Weight Captured Separately,Invoiced Separately,87.27
26505,102-ML-T30,FPQ-13391,SCMS-221920,ASN-24156,Mali,PMO - US,Direct Drop,EXW,Air,12/16/2013,1/22/2014,12-Feb-14,12-Feb-14,20-Feb-14,HRDT,HIV test,Orasure Technologies Inc.,"HIV 1/2, OraQuick Advance HIV Rapid Antibody Kit, 100 Tests","HIV 1/2, OraQuick Advance HIV Rapid Antibody Kit",OraQuick,,Test kit,100,4,1400.0,350.0,3.5,"Pacific Biotech, Thailand",Yes,11,1195.24,1.44
53591,117-ET-T30,FPQ-9098,SCMS-133510,ASN-14558,Ethiopia,PMO - US,Direct Drop,EXW,Air,1/10/2012,1/23/2012,25-Apr-12,25-Apr-12,25-Apr-12,HRDT,HIV test,"Trinity Biotech, Plc","HIV 1/2, Uni-Gold HIV Kit, 20 Tests","HIV 1/2, Uni-Gold HIV Kit",Uni-Gold,,Test kit,20,165,5280.0,32.0,1.6,"Trinity Biotech, Plc",Yes,138,794.72,7.4
71606,116-ZA-T30,FPQ-14942,SCMS-259075,ASN-32138,South Africa,PMO - US,Direct Drop,DDP,Truck,9/11/2014,5/11/2015,12-May-15,12-May-15,12-May-15,ARV,Pediatric,PHARMACY DIRECT,"Efavirenz 200mg, capsule, 90 Caps",Efavirenz,Generic,200mg,Capsule,90,3,51.13,17.04,0.19,"Aurobindo Unit III, India",No,Weight Captured Separately,Freight Included in Commodity Cost,0.05
10887,110-ZM-T01,Pre-PQ Process,SO-753,DN-395,Zambia,PMO - US,From RDC,N/A - From RDC,,Pre-PQ Process,N/A - From RDC,2-Nov-07,2-Nov-07,2-Nov-07,ARV,Pediatric,SCMS from RDC,"Abacavir 20mg/ml, oral solution, Bottle, 240 ml",Abacavir,Generic,20mg/ml,Oral solution,240,1341,22126.5,16.5,0.07,"Aurobindo Unit III, India",Yes,395,3478,35.4
59442,107-RW-T30,FPQ-10223,SCMS-152840,ASN-15742,Rwanda,PMO - US,Direct Drop,EXW,Air,7/5/2012,7/16/2012,6-Aug-12,6-Aug-12,6-Aug-12,ARV,Adult,Aurobindo Pharma Limited,"Lamivudine/Zidovudine 150/300mg, tablets, 60 Tabs",Lamivudine/Zidovudine,Generic,150/300mg,Tablet - FDC,60,35820,256113.0,7.15,0.12,"Aurobindo Unit III, India",Yes,3114,18779.99,359.07
17096,110-ZM-T30,FPQ-14130,SCMS-239730,ASN-30244,Zambia,PMO - US,Direct Drop,EXW,Air,4/22/2014,5/19/2014,5-May-15,12-May-15,14-May-15,HRDT,HIV test,"Orgenics, Ltd","HIV 1/2, Determine Complete HIV Kit, 100 Tests","HIV 1/2, Determine Complete HIV Kit",Determine,,Test kit,100,2863,229040.0,80.0,0.8,"Alere Medical Co., Ltd.",Yes,1159,15174.53,235.45
84430,104-CI-T30,FPQ-13628,SO-47912,DN-4024,Côte d'Ivoire,PMO - US,From RDC,N/A - From RDC,Truck,1/29/2014,N/A - From RDC,30-Jan-15,11-Feb-15,16-Feb-15,ARV,Adult,SCMS from RDC,"Lopinavir/Ritonavir 200/50mg, tablets, 120 Tabs",Lopinavir/Ritonavir,Generic,200/50mg,Tablet,120,10275,213720.0,20.8,0.17,"Aurobindo Unit III, India",No,See DN-4024 (ID#:82756),See DN-4024 (ID#:82756),219.7
83531,109-TZ-T30,FPQ-6713,SO-38171,DN-2345,Tanzania,PMO - US,From RDC,N/A - From RDC,Truck,12/2/2010,N/A - From RDC,3-Oct-11,16-Sep-11,16-Sep-11,ARV,Adult,SCMS from RDC,"Efavirenz/Emtricitabine/Tenofovir Disoproxil Fumarate 600/200/300mg, tablets, 30 Tabs",Efavirenz/Emtricitabine/Tenofovir Disoproxil Fumarate,Generic,600/200/300mg,Tablet - FDC,30,68235,1359241.2,19.92,0.66,Mylan (formerly Matrix) Nashik,Yes,Weight Captured Separately,Invoiced Separately,2242.75
18155,102-SD-T30,FPQ-8261,SCMS-120460,ASN-12339,Sudan,PMO - US,Direct Drop,EXW,Air,8/29/2011,9/7/2011,11-Jan-12,11-Jan-12,11-Jan-12,HRDT,HIV test,"Trinity Biotech, Plc","HIV 1/2, Uni-Gold HIV Kit, 20 Tests","HIV 1/2, Uni-Gold HIV Kit",Uni-Gold,,Test kit,20,58,1856.0,32.0,1.6,"Trinity Biotech, Plc",Yes,19,594.51,3.06
28001,133-NG-T30,FPQ-10765,SCMS-162440,ASN-18173,Nigeria,PMO - US,Direct Drop,EXW,Air,10/5/2012,10/16/2012,9-Jan-13,26-Feb-13,26-Feb-13,HRDT,HIV test,"Orgenics, Ltd","HIV 1/2, Determine Complete HIV Kit, 100 Tests","HIV 1/2, Determine Complete HIV Kit",Determine,,Test kit,100,2853,253917.0,89.0,0.89,"Alere Medical Co., Ltd.",Yes,1294,Freight Included in Commodity Cost,355.99
86303,151-NG-T30,FPQ-4537,SO-36000,DN-1815,Nigeria,PMO - US,From RDC,N/A - From RDC,Air Charter,11/6/2009,N/A - From RDC,31-May-10,18-May-10,18-May-10,ARV,Adult,SCMS from RDC,"Nevirapine 200mg, tablets, 60 Tabs",Nevirapine,Generic,200mg,Tablet,60,10000,26600.0,2.66,0.04,"Strides, Bangalore, India.",Yes,549,9736.1,57.35
82467,113-ZW-T30,FPQ-8464,SO-40850,DN-2605,Zimbabwe,PMO - US,From RDC,N/A - From RDC,Truck,10/4/2011,N/A - From RDC,13-Apr-12,10-Apr-12,10-Apr-12,ARV,Adult,SCMS from RDC,"Lamivudine/Zidovudine 150/300mg, tablets, 60 Tabs",Lamivudine/Zidovudine,Generic,150/300mg,Tablet - FDC,60,3345,26760.0,8.0,0.13,"Aurobindo Unit VII, IN",Yes,21063,29250.68,44.15
12792,100-ZW-T01,Pre-PQ Process,SO-716,DN-770,Zimbabwe,PMO - US,From RDC,N/A - From RDC,Air,Pre-PQ Process,N/A - From RDC,9-Jun-08,9-Jun-08,9-Jun-08,ARV,Adult,SCMS from RDC,"Efavirenz 600mg, tablets, 30 Tabs",Efavirenz,Generic,600mg,Tablet,30,1860,23101.2,12.42,0.41,"Aurobindo Unit III, India",No,See DN-770 (ID#:10959),See DN-770 (ID#:10959),36.96
12817,104-CI-T01,Pre-PQ Process,SO-16210,DN-1047,Côte d'Ivoire,PMO - US,From RDC,N/A - From RDC,Air,Pre-PQ Process,N/A - From RDC,19-Jan-09,19-Jan-09,19-Jan-09,ARV,Adult,SCMS from RDC,"Nevirapine 200mg, tablets, 60 Tabs",Nevirapine,Generic,200mg,Tablet,60,4100,13120.0,3.2,0.05,"Aurobindo Unit III, India",No,See DN-1047 (ID#:12215),See DN-1047 (ID#:12215),25.72
84344,107-RW-T30,FPQ-12766,SO-46480,DN-3579,Rwanda,PMO - US,From RDC,N/A - From RDC,Truck,8/2/2013,N/A - From RDC,28-Mar-14,2-Apr-14,14-Apr-14,ARV,Adult,SCMS from RDC,"Lamivudine/Nevirapine/Zidovudine 150/200/300mg, tablets, 60 Tabs",Lamivudine/Nevirapine/Zidovudine,Generic,150/300/200mg,Tablet - FDC,60,49998,412983.48,8.26,0.14,"Aurobindo Unit III, India",No,See DN-3579 (ID#:83217),See DN-3579 (ID#:83217),510.86
12282,110-ZM-T01,Pre-PQ Process,SO-17611,DN-1228,Zambia,PMO - US,From RDC,N/A - From RDC,Truck,Pre-PQ Process,N/A - From RDC,8-Jun-09,8-Jun-09,8-Jun-09,ARV,Adult,SCMS from RDC,"Efavirenz 600mg, tablets, 30 Tabs",Efavirenz,Generic,600mg,Tablet,30,11546,127006.0,11.0,0.37,Mylan (formerly Matrix) Nashik,No,See DN-1228 (ID#:11638),See DN-1228 (ID#:11638),248.93
3749,116-ZA-T01,Pre-PQ Process,SCMS-41140,ASN-3752,South Africa,PMO - US,Direct Drop,DDP,Air,Pre-PQ Process,Date Not Captured,31-Mar-09,21-Nov-08,21-Nov-08,ARV,Pediatric,S. BUYS WHOLESALER,"Nevirapine 10mg/ml [Viramune], oral suspension, Bottle, 240 ml",Nevirapine,Viramune,10mg/ml,Oral suspension,240,30,312.6,10.42,0.04,"BI, Ingelheim, Germany",No,Weight Captured Separately,Freight Included in Commodity Cost,0.61
12446,110-ZM-T01,Pre-PQ Process,SO-1316,DN-506,Zambia,PMO - US,From RDC,N/A - From RDC,Truck,Pre-PQ Process,N/A - From RDC,19-Dec-07,19-Dec-07,19-Dec-07,ARV,Adult,SCMS from RDC,"Nevirapine 200mg, tablets, 60 Tabs",Nevirapine,Generic,200mg,Tablet,60,77724,264261.6,3.4,0.06,"Cipla, Goa, India",Yes,8554,24405,422.82
29880,108-VN-T30,FPQ-15692,SCMS-274370,ASN-32258,Vietnam,PMO - US,Direct Drop,EXW,Air,1/28/2015,2/17/2015,13-Jul-15,13-Jul-15,14-Jul-15,ARV,Adult,HETERO LABS LIMITED,"Lamivudine 150mg, tablets, 60 Tabs",Lamivudine,Generic,150mg,Tablet,60,15400,27720.0,1.8,0.03,Hetero Unit III Hyderabad IN,Yes,2486,3775.5,32.63
36019,109-TZ-T30,FPQ-13945,SCMS-235450,ASN-31133,Tanzania,PMO - US,Direct Drop,EXW,Air,3/27/2014,4/29/2014,28-Apr-15,28-Apr-15,28-Apr-15,HRDT,HIV test,"Orgenics, Ltd","HIV 1/2, Determine Complete HIV Kit, 100 Tests","HIV 1/2, Determine Complete HIV Kit",Determine,,Test kit,100,168,13440.0,80.0,0.8,"Alere Medical Co., Ltd.",Yes,73,1806.81,13.82
2923,116-ZA-T01,Pre-PQ Process,SCMS-14050,ASN-1251,South Africa,PMO - US,Direct Drop,DDP,,Pre-PQ Process,11/12/2007,29-Jan-08,29-Jan-08,29-Jan-08,ARV,Adult,"JSI R&T INSTITUTE, INC.","Emtricitabine/Tenofovir Disoproxil Fumarate 200/300mg [Truvada], tablets, 30 Tabs",Emtricitabine/Tenofovir Disoproxil Fumarate,Truvada,300/200mg,Tablet - FDC,30,10,443.0,44.3,1.48,"Aspen-OSD, Port Elizabeth, SA",No,Weight Captured Separately,Freight Included in Commodity Cost,0.71
52710,116-ZA-T30,FPQ-13973,SCMS-238571,ASN-26885,South Africa,PMO - US,Direct Drop,DDP,Truck,4/30/2014,6/26/2014,25-Jun-14,25-Jun-14,25-Jun-14,ARV,Pediatric,PHARMACY DIRECT,"Lopinavir/Ritonavir 80/20mg/ml [Kaletra], oral solution, cool, Bottle 5 x 60 ml",Lopinavir/Ritonavir,Kaletra,80/20mg/ml,Oral solution,300,2,44.13,22.06,0.07,ABBVIE (Abbott) Logis. UK,Yes,Weight Captured Separately,Freight Included in Commodity Cost,0.05
86342,151-NG-T30,FPQ-5688,SO-37500,DN-2025,Nigeria,PMO - US,From RDC,N/A - From RDC,Air,5/27/2010,N/A - From RDC,22-Oct-10,10-Nov-10,10-Nov-10,ARV,Adult,SCMS from RDC,"Lamivudine 150mg, tablets, 60 Tabs",Lamivudine,Generic,150mg,Tablet,60,4100,9553.0,2.33,0.04,Hetero Unit III Hyderabad IN,No,See DN-2025 (ID#:83460),See DN-2025 (ID#:83460),20.6
84177,102-CD-T30,FPQ-10046,SO-42450,DN-2720,"Congo, DRC",PMO - US,From RDC,N/A - From RDC,Air,4/26/2012,N/A - From RDC,9-Sep-12,9-Sep-12,9-Sep-12,HRDT,HIV test,SCMS from RDC,"HIV 1/2, Determine Complete HIV Kit, 100 Tests","HIV 1/2, Determine Complete HIV Kit",Determine,,Test kit,100,1500,120000.0,80.0,0.8,"Alere Medical Co., Ltd.",Yes,448,2757.4,168.24
13093,108-VN-T30,FPQ-12187,SCMS-188540,ASN-21695,Vietnam,PMO - US,Direct Drop,EXW,Air,5/3/2013,5/10/2013,11-Oct-13,9-Oct-13,9-Oct-13,ARV,Adult,MYLAN LABORATORIES LTD (FORMERLY MATRIX LABORATORIES),"Efavirenz/Lamivudine/Tenofovir Disoproxil Fumarate 600/300/300mg, tablets, 30 Tabs",Efavirenz/Lamivudine/Tenofovir Disoproxil Fumarate,Generic,600/300/300mg,Tablet - FDC,30,11500,132135.0,11.49,0.38,Mylan (formerly Matrix) Nashik,Yes,1295,2021.05,163.45
49076,108-VN-T30,FPQ-11418,SCMS-176270,ASN-19860,Vietnam,PMO - US,Direct Drop,EXW,Air,1/29/2013,2/6/2013,5-Jul-13,5-Jul-13,5-Jul-13,ARV,Adult,HETERO LABS LIMITED,"Lamivudine/Nevirapine/Zidovudine 150/200/300mg, tablets, 60 Tabs",Lamivudine/Nevirapine/Zidovudine,Generic,150/300/200mg,Tablet - FDC,60,39045,320559.45,8.21,0.14,Hetero Unit III Hyderabad IN,Yes,5092,7312.6,396.53
83482,104-CI-T30,FPQ-6495,SO-37710,DN-2098,Côte d'Ivoire,PMO - US,From RDC,N/A - From RDC,Truck,10/4/2010,N/A - From RDC,31-Jan-11,22-Feb-11,22-Feb-11,ARV,Adult,SCMS from RDC,"Lamivudine 150mg, tablets, 60 Tabs",Lamivudine,Generic,150mg,Tablet,60,17320,40355.6,2.33,0.04,"Aurobindo Unit III, India",Yes,1721,8758.37,87.01
84798,113-ZW-T30,FPQ-10895,SO-43590,DN-3055,Zimbabwe,PMO - US,From RDC,N/A - From RDC,Truck,10/25/2012,N/A - From RDC,31-May-13,14-Mar-13,14-Mar-13,ARV,Adult,SCMS from RDC,"Efavirenz/Lamivudine/Tenofovir Disoproxil Fumarate 600/300/300mg, tablets, 30 Tabs",Efavirenz/Lamivudine/Tenofovir Disoproxil Fumarate,Generic,600/300/300mg,Tablet - FDC,30,20160,244137.6,12.11,0.4,Mylan (formerly Matrix) Nashik,Yes,2268,9405.8,302.0
86279,151-NG-T30,FPQ-4537,SO-34896,DN-1706,Nigeria,PMO - US,From RDC,N/A - From RDC,Air Charter,11/6/2009,N/A - From RDC,19-Apr-10,31-Mar-10,31-Mar-10,ARV,Adult,SCMS from RDC,"Nevirapine 200mg, tablets, 60 Tabs",Nevirapine,Generic,200mg,Tablet,60,3948,10778.04,2.73,0.05,"Aurobindo Unit III, India",Yes,380,Freight Included in Commodity Cost,23.24
60840,161-ZA-T30,FPQ-6262,SCMS-84240,ASN-8846,South Africa,PMO - US,Direct Drop,DDP,Ocean,8/31/2010,9/21/2010,13-Dec-10,13-Dec-10,13-Dec-10,ARV,Adult,STRIDES ARCOLAB LIMITED,"Nevirapine 200mg, tablets, 60 Tabs",Nevirapine,Generic,200mg,Tablet,60,237500,681625.0,2.87,0.05,"Strides, Bangalore, India.",Yes,15475,14682.98,1469.58
83818,107-RW-T30,FPQ-13812,SO-48161,DN-3787,Rwanda,PMO - US,From RDC,N/A - From RDC,Truck,3/4/2014,N/A - From RDC,19-Aug-14,13-Aug-14,14-Aug-14,ARV,Pediatric,SCMS from RDC,"Efavirenz 200mg, scored tablets, 90 Tabs",Efavirenz,Generic,200mg,Tablet,90,2900,23954.0,8.26,0.09,"Strides, Bangalore, India.",Yes,5621,10640.81,24.62
4290,116-ZA-T01,Pre-PQ Process,SCMS-17720,ASN-1530,South Africa,PMO - US,Direct Drop,DDP,Truck,Pre-PQ Process,1/21/2008,5-Feb-08,4-Feb-08,4-Feb-08,ARV,Adult,"JSI R&T INSTITUTE, INC.","Didanosine EC 400mg [Videx EC], delayed-release capsules, Blister 3 x 10 Caps",Didanosine EC,Videx EC,400mg,Delayed-release capsules - blister,30,800,21720.0,27.15,0.9,"BMS Meymac, France",Yes,Weight Captured Separately,Freight Included in Commodity Cost,34.75
12771,114-UG-T01,Pre-PQ Process,SO-1299,DN-534,Uganda,PMO - US,From RDC,N/A - From RDC,Air,Pre-PQ Process,N/A - From RDC,15-Feb-08,15-Feb-08,15-Feb-08,ARV,Adult,SCMS from RDC,"Lamivudine/Nevirapine/Stavudine 150/200/30mg, tablets, 60 Tabs",Lamivudine/Nevirapine/Stavudine,Generic,150/200/30mg,Tablet - FDC,60,6500,48100.0,7.4,0.12,"Cipla, Goa, India",Yes,667,3609.2,76.96
12805,102-KE-T01,Pre-PQ Process,SO-1973,DN-697,Kenya,PMO - US,From RDC,N/A - From RDC,Truck,Pre-PQ Process,N/A - From RDC,31-Mar-08,31-Mar-08,31-Mar-08,HRDT,HIV test - Ancillary,SCMS from RDC,"HIV, Lancet, Safety, for HIV Test kits, 100 Pcs","HIV, Lancet, Safety, for HIV Test kits, 100 Pcs",Generic,,Test kit - Ancillary,100,2000,20.0,0.01,0.0,Inverness Japan,No,See DN-697 (ID#:12202),See DN-697 (ID#:12202),0.03
22812,108-VN-T30,FPQ-15823,SCMS-277320,ASN-33209,Vietnam,PMO - US,Direct Drop,FCA,Air,2/13/2015,3/2/2015,11-Aug-15,11-Aug-15,11-Aug-15,ARV,Adult,ABBVIE LOGISTICS (FORMERLY ABBOTT LOGISTICS BV),"Ritonavir 100mg [Norvir], film coated tablets, 30 Tabs",Ritonavir,Norvir,100mg,Tablet,30,400,9304.0,23.26,0.78,ABBVIE Ludwigshafen Germany,Yes,Weight Captured Separately,Invoiced Separately,10.95
33863,901-CM-T30,FPQ-12837,SCMS-204300,ASN-21706,Cameroon,PMO - US,Direct Drop,EXW,Air,8/19/2013,8/23/2013,18-Oct-13,9-Nov-13,19-Nov-13,ARV,Adult,Aurobindo Pharma Limited,"Lamivudine/Nevirapine/Zidovudine 150/200/300mg, tablets, 60 Tabs",Lamivudine/Nevirapine/Zidovudine,Generic,150/300/200mg,Tablet - FDC,60,38515,313126.95,8.13,0.14,"Aurobindo Unit III, India",Yes,4892,41173.77,387.34
84656,114-UG-T30,FPQ-7652,SO-39490,DN-2256,Uganda,PMO - US,From RDC,N/A - From RDC,Truck,4/29/2011,N/A - From RDC,1-Aug-11,28-Jun-11,28-Jun-11,ARV,Adult,SCMS from RDC,"Tenofovir Disoproxil Fumarate 300mg, tablets, 30 Tabs",Tenofovir Disoproxil Fumarate,Generic,300mg,Tablet,30,2011,13212.27,6.57,0.22,Mylan (formerly Matrix) Nashik,Yes,126,1661,21.8
12185,110-ZM-T01,Pre-PQ Process,SO-1883,DN-780,Zambia,PMO - US,From RDC,N/A - From RDC,,Pre-PQ Process,N/A - From RDC,16-Jun-08,16-Jun-08,16-Jun-08,ARV,Pediatric,SCMS from RDC,"Efavirenz 200mg, capsule, 90 Caps",Efavirenz,Generic,200mg,Capsule,90,3330,53280.0,16.0,0.18,"Aurobindo Unit III, India",Yes,404,2313.55,85.25
40821,901-CM-T30,FPQ-12528,SCMS-196500,ASN-22068,Cameroon,PMO - US,Direct Drop,EXW,Air,6/21/2013,6/28/2013,9-Nov-13,30-Oct-13,31-Oct-13,ARV,Adult,CIPLA LIMITED,"Lamivudine/Tenofovir Disoproxil Fumarate 300/300mg, tablets, 30 Tabs",Lamivudine/Tenofovir Disoproxil Fumarate,Generic,300/300mg,Tablet - FDC,30,12600,57960.0,4.6,0.15,"Cipla, Kurkumbh, India",Yes,1278,15106.61,71.7
86367,104-CI-T30,FPQ-5925,SO-38090,DN-2105,Côte d'Ivoire,PMO - US,From RDC,N/A - From RDC,Air,6/23/2010,N/A - From RDC,16-Feb-11,22-Feb-11,22-Feb-11,ARV,Pediatric,SCMS from RDC,"Nevirapine 10mg/ml, oral suspension w/syringe, Bottle, 240 ml",Nevirapine,Generic,10mg/ml,Oral suspension,240,2084,4063.8,1.95,0.01,"Aurobindo Unit III, India",Yes,794,8758.36,8.76
58958,109-TZ-T30,FPQ-10546,SCMS-159620,ASN-17229,Tanzania,PMO - US,Direct Drop,FCA,Air,8/24/2012,9/12/2012,16-Jan-13,16-Jan-13,16-Jan-13,ARV,Pediatric,ABBVIE LOGISTICS (FORMERLY ABBOTT LOGISTICS BV),"Lopinavir/Ritonavir 80/20mg/ml [Kaletra], oral solution, cool, Bottle 5 x 60 ml",Lopinavir/Ritonavir,Kaletra,80/20mg/ml,Oral solution,300,68,2095.76,30.82,0.1,ABBVIE (Abbott) Logis. UK,Yes,116,1818.56,2.94
14023,116-ZA-T30,FPQ-4359,SCMS-54980,ASN-5373,South Africa,PMO - US,Direct Drop,DDP,Truck,10/8/2009,10/15/2009,19-Oct-09,19-Oct-09,19-Oct-09,ARV,Pediatric,S. BUYS WHOLESALER,"Efavirenz 200mg, capsule, 90 Caps",Efavirenz,Generic,200mg,Capsule,90,100,3297.8,32.98,0.37,"Aurobindo Unit III, India",Yes,Weight Captured Separately,Freight Included in Commodity Cost,6.46
10634,112-NG-T01,Pre-PQ Process,SO-1109,DN-422,Nigeria,PMO - US,From RDC,N/A - From RDC,Air,Pre-PQ Process,N/A - From RDC,9-Nov-07,9-Nov-07,9-Nov-07,ARV,Adult,SCMS from RDC,"Lamivudine/Nevirapine/Zidovudine 150/200/300mg, tablets, 60 Tabs",Lamivudine/Nevirapine/Zidovudine,Generic,150/300/200mg,Tablet - FDC,60,7436,100386.0,13.5,0.22,"Aurobindo Unit III, India",Yes,962,5180,160.62
1645,104-CI-T01,Pre-PQ Process,SCMS-18470,ASN-2887,Côte d'Ivoire,PMO - US,Direct Drop,EXW,Air,Pre-PQ Process,2/29/2008,19-Dec-08,19-Dec-08,19-Dec-08,HRDT,HIV test,"Orgenics, Ltd","HIV 1/2, Determine HIV Kit, without Lancets, 100 Tests","HIV 1/2, Determine HIV Kit, without Lancets",Determine,,Test kit,100,1116,78120.0,70.0,0.7,Inverness Japan,Yes,256,7118.12,153.12
83810,114-UG-T30,FPQ-13108,SO-46874,DN-3760,Uganda,PMO - US,From RDC,N/A - From RDC,Truck,10/16/2013,N/A - From RDC,30-Jun-14,20-Jun-14,9-Jul-14,ARV,Pediatric,SCMS from RDC,"Nevirapine 10mg/ml, oral suspension w/syringe, Bottle, 100 ml",Nevirapine,Generic,10mg/ml,Oral suspension,100,45000,58500.0,1.3,0.01,"Aurobindo Unit III, India",Yes,9014,52211.42,60.14
3152,102-BW-T01,Pre-PQ Process,SCMS-22730,ASN-1956,Botswana,PMO - US,Direct Drop,EXW,Air,Pre-PQ Process,4/28/2008,31-Jul-08,31-Jul-08,31-Jul-08,HRDT,HIV test,"Orgenics, Ltd","HIV 1/2, Determine HIV Kit, without Lancets, 100 Tests","HIV 1/2, Determine HIV Kit, without Lancets",Determine,,Test kit,100,100,7199.0,71.99,0.72,Inverness Japan,Yes,25,641.04,11.52
7734,116-ZA-T01,Pre-PQ Process,SCMS-41190,ASN-3732,South Africa,PMO - US,Direct Drop,DDP,Air,Pre-PQ Process,Date Not Captured,30-Mar-09,21-Jan-09,21-Jan-09,ARV,Pediatric,S. BUYS WHOLESALER,"Stavudine 1mg/ml [Zerit], powder for oral solution, Bottle, 200 ml",Stavudine,Zerit,1mg/ml,Powder for oral solution,200,650,741.0,1.14,0.01,"BMS Meymac, France",No,Weight Captured Separately,Freight Included in Commodity Cost,1.45
53650,116-ZA-T30,FPQ-5630,SCMS-72760,ASN-7116,South Africa,PMO - US,Direct Drop,DDP,Truck,4/30/2010,5/5/2010,14-May-10,14-May-10,14-May-10,ARV,Pediatric,S. BUYS WHOLESALER,"Abacavir 20mg/ml [Ziagen], oral solution, Bottle, 240 ml",Abacavir,Ziagen,20mg/ml,Oral solution,240,40,656.64,16.42,0.07,GSK Mississauga (Canada),Yes,Weight Captured Separately,Freight Included in Commodity Cost,1.42
10945,100-ZW-T01,Pre-PQ Process,SO-714,DN-709,Zimbabwe,PMO - US,From RDC,N/A - From RDC,Air,Pre-PQ Process,N/A - From RDC,21-Apr-08,21-Apr-08,21-Apr-08,ARV,Adult,SCMS from RDC,"Lamivudine/Stavudine 150/30mg, tablets, 30 Tabs",Lamivudine/Stavudine,Generic,150/30mg,Tablet - FDC,30,1600,3200.0,2.0,0.07,"Cipla, Goa, India",Yes,2519,15252.7,5.12
12883,100-GH-T01,Pre-PQ Process,SO-30700,DN-1235,Ghana,PMO - US,From RDC,N/A - From RDC,Truck,Date Not Captured,N/A - From RDC,12-Aug-09,12-Aug-09,12-Aug-09,ARV,Adult,SCMS from RDC,"Zidovudine 300mg, tablets, 60 Tabs",Zidovudine,Generic,300mg,Tablet,60,8346,83.46,0.01,0.0,"Aurobindo Unit III, India",No,See DN-1235 (ID#:10769),See DN-1235 (ID#:10769),0.16
19840,108-VN-T30,FPQ-15040,SCMS-263670,ASN-30942,Vietnam,PMO - US,Direct Drop,EXW,Air,10/30/2014,12/8/2014,14-Apr-15,14-Apr-15,14-Apr-15,ARV,Adult,HETERO LABS LIMITED,"Abacavir 300mg, tablets, 60 Tabs",Abacavir,Generic,300mg,Tablet,60,1900,21280.0,11.2,0.19,Hetero Unit III Hyderabad IN,Yes,2356,3688.77,21.88
2476,116-ZA-T01,Pre-PQ Process,SCMS-42250,ASN-4612,South Africa,PMO - US,Direct Drop,DDP,Truck,Pre-PQ Process,4/2/2009,31-Jul-09,8-Jun-09,8-Jun-09,ARV,Pediatric,S. BUYS WHOLESALER,"Ritonavir 80mg/ml [Norvir], oral solution, cool, Bottle, 90 ml",Ritonavir,Norvir,80mg/ml,Oral solution,90,6,43.2,7.2,0.08,ABBVIE (Abbott) France,Yes,Weight Captured Separately,Freight Included in Commodity Cost,0.08
11011,112-NG-T01,Pre-PQ Process,SO-2728,DN-917,Nigeria,PMO - US,From RDC,N/A - From RDC,Air,Pre-PQ Process,N/A - From RDC,24-Sep-08,24-Sep-08,24-Sep-08,ARV,Adult,SCMS from RDC,"Ritonavir 100mg [Norvir], capsules, cool, 4 x 84 Caps",Ritonavir,Norvir,100mg,Capsule,336,2,76.72,38.36,0.11,ABBVIE (Abbott) France,No,See DN-917 (ID#:10745),See DN-917 (ID#:10745),0.12
10102,133-NG-T01,Pre-PQ Process,SCMS-32920,ASN-2909,Nigeria,PMO - US,Direct Drop,EXW,Air,Pre-PQ Process,10/30/2008,2-Dec-08,2-Dec-08,2-Dec-08,HRDT,HIV test,"Orgenics, Ltd","HIV 1/2, Determine Complete HIV Kit, 100 Tests","HIV 1/2, Determine Complete HIV Kit",Determine,,Test kit,100,3622,289760.0,80.0,0.8,Inverness Japan,Yes,1091,15045.56,567.93
32540,102-GY-T30,FPQ-6983,SCMS-97160,ASN-10064,Guyana,PMO - US,Direct Drop,EXW,Air,1/5/2011,2/2/2011,12-Apr-11,12-Apr-11,12-Apr-11,HRDT,HIV test,"Orgenics, Ltd","HIV 1/2, Determine Complete HIV Kit, 100 Tests","HIV 1/2, Determine Complete HIV Kit",Determine,,Test kit,100,418,41800.0,100.0,1.0,Inverness Japan,Yes,205,6455.37,68.97
6768,102-GY-T01,Pre-PQ Process,SCMS-12680,ASN-968,Guyana,PMO - US,Direct Drop,CIF,,Pre-PQ Process,10/2/2007,7-Nov-07,7-Nov-07,7-Nov-07,MRDT,Malaria,ZEPHYR BIOMEDICALS,"Malaria Paramax-3 Kit, 25 Tests",Malaria Paramax-3 Kit,Paramax,,Test kit,25,390,14625.0,37.5,1.5,Not Applicable,Yes,145,186.25,23.4
84244,109-TZ-T30,FPQ-11393,SO-44381,DN-3101,Tanzania,PMO - US,From RDC,N/A - From RDC,Truck,12/30/2012,N/A - From RDC,31-May-13,14-May-13,14-May-13,ARV,Pediatric,SCMS from RDC,"Lamivudine/Nevirapine/Stavudine 30/50/6mg, dispersible tablets, 60 Tabs",Lamivudine/Nevirapine/Stavudine,Generic,30/50/6mg,Chewable/dispersible tablet - FDC,60,11606,26693.8,2.3,0.04,"Cipla, Goa, India",No,See DN-3101 (ID#:83672),See DN-3101 (ID#:83672),33.02
41474,108-VN-T30,FPQ-9577,SCMS-145530,ASN-16123,Vietnam,PMO - US,Direct Drop,EXW,Air,4/11/2012,6/12/2012,9-Oct-12,9-Oct-12,9-Oct-12,ARV,Adult,MYLAN LABORATORIES LTD (FORMERLY MATRIX LABORATORIES),"Abacavir 300mg, tablets, 60 Tabs",Abacavir,Generic,300mg,Tablet,60,169,2154.75,12.75,0.21,Mylan (formerly Matrix) Nashik,No,See ASN-16123 (ID#:20371),See ASN-16123 (ID#:20371),3.02
73348,103-ZW-T30,FPQ-15021,SCMS-261410,ASN-30816,Zimbabwe,PMO - US,Direct Drop,FCA,Air,10/15/2014,10/30/2014,28-Feb-15,28-Feb-15,28-Feb-15,ARV,Pediatric,ABBVIE LOGISTICS (FORMERLY ABBOTT LOGISTICS BV),"Lopinavir/Ritonavir 80/20mg/ml [Kaletra], oral solution, cool, Bottle 5 x 60 ml",Lopinavir/Ritonavir,Kaletra,80/20mg/ml,Oral solution,300,5362,165256.84,30.82,0.1,ABBVIE (Abbott) Logis. UK,Yes,5060,44952.61,169.88
60112,114-UG-T30,FPQ-13258,SCMS-216720,ASN-23721,Uganda,PMO - US,Direct Drop,EXW,Air,11/18/2013,12/17/2013,22-Feb-14,22-Feb-14,24-Mar-14,ARV,Adult,Aurobindo Pharma Limited,"Nevirapine 200mg, tablets, 60 Tabs",Nevirapine,Generic,200mg,Tablet,60,18216,40986.0,2.25,0.04,"Aurobindo Unit III, India",Yes,1863,6757.18,42.13
17865,116-ZA-T30,FPQ-12522,SCMS-199287,ASN-27750,South Africa,PMO - US,Direct Drop,DDP,Truck,7/11/2013,8/13/2014,13-Aug-14,13-Aug-14,13-Aug-14,ARV,Pediatric,S. BUYS WHOLESALER,"Lopinavir/Ritonavir 80/20mg/ml [Kaletra], oral solution, cool, Bottle 5 x 60 ml",Lopinavir/Ritonavir,Kaletra,80/20mg/ml,Oral solution,300,2,46.9,23.45,0.08,ABBVIE (Abbott) Logis. UK,Yes,Weight Captured Separately,Freight Included in Commodity Cost,0.06
12800,111-MZ-T01,Pre-PQ Process,SO-1615,DN-698,Mozambique,PMO - US,From RDC,N/A - From RDC,Air,Pre-PQ Process,N/A - From RDC,23-Jun-08,23-Jun-08,23-Jun-08,ARV,Adult,SCMS from RDC,"Efavirenz 600mg, tablets, 30 Tabs",Efavirenz,Generic,600mg,Tablet,30,2500,31050.0,12.42,0.41,"Aurobindo Unit III, India",No,See DN-698 (ID#:10970),See DN-698 (ID#:10970),49.68
37087,116-ZA-T30,FPQ-14942,SCMS-259076,ASN-32524,South Africa,PMO - US,Direct Drop,DDP,Truck,9/11/2014,6/2/2015,2-Jun-15,2-Jun-15,2-Jun-15,ARV,Adult,PHARMACY DIRECT,"Tenofovir Disoproxil Fumarate 300mg, tablets, 30 Tabs",Tenofovir Disoproxil Fumarate,Generic,300mg,Tablet,30,24,331.6,13.82,0.46,Mylan (formerly Matrix) Nashik,No,Weight Captured Separately,Freight Included in Commodity Cost,0.34
41603,116-ZA-T30,FPQ-14942,SCMS-295800,ASN-33865,South Africa,PMO - US,Direct Drop,DDP,Truck,9/11/2014,8/24/2015,24-Aug-15,24-Aug-15,24-Aug-15,ARV,Adult,PHARMACY DIRECT,"Efavirenz 600mg, tablets, 30 Tabs",Efavirenz,Generic,600mg,Tablet,30,39,471.65,12.09,0.4,"Aurobindo Unit III, India",No,Weight Captured Separately,Freight Included in Commodity Cost,0.48
10838,104-CI-T01,Pre-PQ Process,SO-603,DN-196,Côte d'Ivoire,PMO - US,From RDC,N/A - From RDC,,Pre-PQ Process,N/A - From RDC,28-Jun-07,28-Jun-07,28-Jun-07,ARV,Adult,SCMS from RDC,"Lamivudine/Stavudine 150/30mg, tablets, 30 Tabs",Lamivudine/Stavudine,Generic,150/30mg,Tablet - FDC,30,54263,108526.0,2.0,0.07,"Cipla, Goa, India",No,See DN-196 (ID#:10573),See DN-196 (ID#:10573),173.64
22469,110-ZM-T30,FPQ-4691,SCMS-60710,ASN-6290,Zambia,PMO - US,Direct Drop,EXW,Air,12/16/2009,12/22/2009,18-Mar-10,18-Mar-10,18-Mar-10,HRDT,HIV test,"Orgenics, Ltd","HIV 1/2, Determine Complete HIV Kit, 100 Tests","HIV 1/2, Determine Complete HIV Kit",Determine,,Test kit,100,2639,190008.0,72.0,0.72,Inverness Japan,Yes,1276,20121.14,409.66
11225,107-RW-T01,Pre-PQ Process,SO-1682,DN-580,Rwanda,PMO - US,From RDC,N/A - From RDC,Air,Pre-PQ Process,N/A - From RDC,28-Jan-08,28-Jan-08,28-Jan-08,ARV,Adult,SCMS from RDC,"Stavudine 30mg, capsules, 60 Caps",Stavudine,Generic,30mg,Capsule,60,392,842.8,2.15,0.04,"Aurobindo Unit III, India",Yes,29,1372.38,1.35
10936,117-ET-T01,Pre-PQ Process,SO-1532,DN-574,Ethiopia,PMO - US,From RDC,N/A - From RDC,Air,Pre-PQ Process,N/A - From RDC,31-Jan-08,31-Jan-08,31-Jan-08,ARV,Adult,SCMS from RDC,"Nevirapine 200mg, tablets, 60 Tabs",Nevirapine,Generic,200mg,Tablet,60,7511,25537.4,3.4,0.06,"Ranbaxy, Paonta Shahib, India",Yes,732,2724.27,40.86
85267,102-CD-T30,FPQ-9640,SO-41850,DN-2697,"Congo, DRC",PMO - US,From RDC,N/A - From RDC,Air,4/2/2012,N/A - From RDC,11-Sep-12,11-Sep-12,11-Sep-12,ARV,Adult,SCMS from RDC,"Nevirapine 200mg, tablets, 60 Tabs",Nevirapine,Generic,200mg,Tablet,60,1200,2928.0,2.44,0.04,"Strides, Bangalore, India.",No,See DN-2697 (ID#:83045),See DN-2697 (ID#:83045),4.11
52175,116-ZA-T30,FPQ-3560,SCMS-50940,ASN-5472,South Africa,PMO - US,Direct Drop,DDP,Truck,5/7/2009,8/3/2009,8-Oct-09,14-Oct-09,14-Oct-09,ARV,Pediatric,S. BUYS WHOLESALER,"Stavudine 1mg/ml, powder for oral solution, 200 ml",Stavudine,Generic,1mg/ml,Oral solution,200,1700,4270.78,2.51,0.01,"Aurobindo Unit III, India",Yes,Weight Captured Separately,Freight Included in Commodity Cost,8.37
83275,901-NA-T30,FPQ-14670,SO-49560,DN-3907,Namibia,PMO - US,From RDC,N/A - From RDC,Truck,7/30/2014,N/A - From RDC,30-Sep-14,15-Sep-14,25-Sep-14,ARV,Adult,SCMS from RDC,"Efavirenz 600mg, tablets, 30 Tabs",Efavirenz,Generic,600mg,Tablet,30,29369,94274.49,3.21,0.11,"Cipla, Goa, India",No,See DN-3907 (ID#:82729),See DN-3907 (ID#:82729),96.91
21480,108-VN-T30,FPQ-13976,SCMS-236060,ASN-27813,Vietnam,PMO - US,Direct Drop,EXW,Air,4/8/2014,4/30/2014,22-Sep-14,15-Sep-14,17-Sep-14,ARV,Adult,HETERO LABS LIMITED,"Efavirenz/Lamivudine/Tenofovir Disoproxil Fumarate 600/300/300mg, tablets, 30 Tabs",Efavirenz/Lamivudine/Tenofovir Disoproxil Fumarate,Generic,600/300/300mg,Tablet - FDC,30,14780,155190.0,10.5,0.35,Hetero Unit III Hyderabad IN,Yes,1671,2718.03,159.54
84709,114-UG-T30,FPQ-8522,SO-40920,DN-2549,Uganda,PMO - US,From RDC,N/A - From RDC,Truck,10/5/2011,N/A - From RDC,30-Mar-12,17-Feb-12,17-Feb-12,ARV,Adult,SCMS from RDC,"Lamivudine 150mg, tablets, 60 Tabs",Lamivudine,Generic,150mg,Tablet,60,2596,6048.68,2.33,0.04,"Aurobindo Unit III, India",Yes,125,1831.41,9.98
12527,112-NG-T01,Pre-PQ Process,SO-11020,DN-1013,Nigeria,PMO - US,From RDC,N/A - From RDC,Air,Pre-PQ Process,N/A - From RDC,20-Nov-08,20-Nov-08,20-Nov-08,ARV,Pediatric,SCMS from RDC,"Stavudine 1mg/ml, powder for oral solution, 200 ml",Stavudine,Generic,1mg/ml,Oral solution,200,36,50.4,1.4,0.01,"Aurobindo Unit III, India",Yes,4,857.17,0.1
85868,102-CD-T30,FPQ-9640,SO-41850,DN-2697,"Congo, DRC",PMO - US,From RDC,N/A - From RDC,Air,4/2/2012,N/A - From RDC,11-Sep-12,11-Sep-12,11-Sep-12,ARV,Adult,SCMS from RDC,"Zidovudine 300mg, tablets, 60 Tabs",Zidovudine,Generic,300mg,Tablet,60,1300,8853.0,6.81,0.11,Hetero Unit III Hyderabad IN,No,See DN-2697 (ID#:83045),See DN-2697 (ID#:83045),12.41
3926,100-CI-T01,Pre-PQ Process,SCMS-2,ASN-4,Côte d'Ivoire,PMO - US,Direct Drop,EXW,Air,Pre-PQ Process,Date Not Captured,10-May-06,10-May-06,10-May-06,HRDT,HIV test,OMEGA DIAGNOSTICS LTD,"HIV 1/2, Visitect Kit, 25 Tests","HIV 1/2, Visitect Kit",Visitect,,Test kit,25,44,1375.0,31.25,1.25,"OMEGA Diagnostics, UK",Yes,15,633.73,
83638,106-HT-T30,FPQ-10883,SO-43610,DN-2933,Haiti,PMO - US,From RDC,N/A - From RDC,Air,10/30/2012,N/A - From RDC,3-Dec-12,16-Nov-12,16-Nov-12,ARV,Adult,SCMS from RDC,"Efavirenz 600mg, tablets, 30 Tabs",Efavirenz,Generic,600mg,Tablet,30,19656,71547.84,3.64,0.12,"Aurobindo Unit III, India",Yes,1679,18028.41,88.5
12739,104-CI-T01,Pre-PQ Process,SO-1101,DN-434,Côte d'Ivoire,PMO - US,From RDC,N/A - From RDC,Air,Pre-PQ Process,N/A - From RDC,22-Nov-07,22-Nov-07,22-Nov-07,ARV,Pediatric,SCMS from RDC,"Abacavir 20mg/ml, oral solution, Bottle, 240 ml",Abacavir,Generic,20mg/ml,Oral solution,240,96,2400.0,25.0,0.1,"Aurobindo Unit III, India",No,See DN-434 (ID#:11483),See DN-434 (ID#:11483),3.84
14195,100-BJ-T30,FPQ-7660,SCMS-109830,ASN-11115,Benin,PMO - US,Direct Drop,EXW,Air,5/16/2011,5/27/2011,12-Jul-11,12-Jul-11,12-Jul-11,ARV,Adult,MYLAN LABORATORIES LTD (FORMERLY MATRIX LABORATORIES),"Efavirenz/Lamivudine/Tenofovir Disoproxil Fumarate 600/300/300mg, tablets, 30 Tabs",Efavirenz/Lamivudine/Tenofovir Disoproxil Fumarate,Generic,600/300/300mg,Tablet - FDC,30,1244,17540.4,14.1,0.47,Mylan (formerly Matrix) Nashik,Yes,175,5864.56,28.94
9025,116-ZA-T01,Pre-PQ Process,SCMS-40870,ASN-3582,South Africa,PMO - US,Direct Drop,DDP,Air,Pre-PQ Process,Date Not Captured,30-Jun-09,30-Jan-09,30-Jan-09,ARV,Adult,S. BUYS WHOLESALER,"Lamivudine 150mg, tablets, 60 Tabs",Lamivudine,Generic,150mg,Tablet,60,1200,6564.0,5.47,0.09,"Aurobindo Unit III, India",Yes,Weight Captured Separately,Freight Included in Commodity Cost,12.87
11603,117-ET-T01,Pre-PQ Process,SO-22020,DN-1052,Ethiopia,PMO - US,From RDC,N/A - From RDC,Air,Pre-PQ Process,N/A - From RDC,3-Mar-09,3-Mar-09,3-Mar-09,ARV,Adult,SCMS from RDC,"Efavirenz 600mg, tablets, 30 Tabs",Efavirenz,Generic,600mg,Tablet,30,11549,122650.38,10.62,0.35,"Aurobindo Unit III, India",No,See DN-1052 (ID#:10737),See DN-1052 (ID#:10737),240.39
31892,117-ET-T30,FPQ-4752,SCMS-61150,ASN-5843,Ethiopia,PMO - US,Direct Drop,EXW,Air,12/23/2009,12/29/2009,22-Jan-10,22-Jan-10,22-Jan-10,ARV,Adult,STRIDES ARCOLAB LIMITED,"Lamivudine/Stavudine 150/30mg, tablets, 60 Tabs",Lamivudine/Stavudine,Generic,150/30mg,Tablet - FDC,60,39939,134594.43,3.37,0.06,"Strides, Bangalore, India.",Yes,2038,11789.31,290.19
65243,106-HT-T30,FPQ-6519,SCMS-91000,ASN-10144,Haiti,PMO - US,Direct Drop,CIP,Air,10/25/2010,11/2/2010,30-Mar-11,30-Mar-11,30-Mar-11,ARV,Adult,BRISTOL-MYERS SQUIBB,"Didanosine EC 400mg [Videx EC], delayed-release capsules, Blister 3 x 10 Caps",Didanosine EC,Videx EC,400mg,Delayed-release capsules - blister,30,240,4401.6,18.34,0.61,Bristol-Myers Squibb Anagni IT,Yes,12,450,7.26
10860,109-TZ-T01,Pre-PQ Process,SO-646,DN-294,Tanzania,PMO - US,From RDC,N/A - From RDC,,Pre-PQ Process,N/A - From RDC,18-Oct-07,18-Oct-07,18-Oct-07,HRDT,HIV test,SCMS from RDC,"HIV 1/2, Bioline 3.0 Kit, Lancets, Capillary pipets, Alcohol swabs included, 25 Tests","HIV 1/2, Bioline 3.0 Kit, Lancets, Capillary pipets, Alcohol swabs included",Bioline,,Test kit,25,8000,160000.0,20.0,0.8,"Standard Diagnostics, Korea",Yes,2366,13952.38,256.0
83549,107-RW-T30,FPQ-8716,SO-41060,DN-2467,Rwanda,PMO - US,From RDC,N/A - From RDC,Air,10/31/2011,N/A - From RDC,23-Jan-12,23-Jan-12,23-Jan-12,ARV,Pediatric,SCMS from RDC,"Lamivudine 10mg/ml, oral solution w/syringe, Bottle, 240 ml",Lamivudine,Generic,10mg/ml,Oral solution,240,3000,5550.0,1.85,0.01,"Aurobindo Unit III, India",Yes,1076,4474.31,7.78
36212,116-ZA-T30,FPQ-13214,SCMS-215410,ASN-23875,South Africa,PMO - US,Direct Drop,DDP,Truck,11/14/2013,12/2/2013,13-Jan-14,13-Jan-14,13-Jan-14,ARV,Adult,S. BUYS WHOLESALER,"Lamivudine/Zidovudine 150/300mg, tablets, 60 Tabs",Lamivudine/Zidovudine,Generic,150/300mg,Tablet - FDC,60,524,15533.57,29.64,0.49,"Cipla, Goa, India",No,Weight Captured Separately,Freight Included in Commodity Cost,15.97
77082,106-HT-T30,FPQ-13494,SCMS-225413,ASN-28731,Haiti,PMO - US,Direct Drop,EXW,Air,1/21/2014,2/19/2014,6-Nov-14,6-Nov-14,19-Nov-14,HRDT,HIV test,"Orgenics, Ltd","HIV 1/2, Determine Complete HIV Kit, 100 Tests","HIV 1/2, Determine Complete HIV Kit",Determine,,Test kit,100,4000,400000.0,100.0,1.0,"Alere Medical Co., Ltd.",Yes,1624,14758.34,411.2
12499,102-KE-T01,Pre-PQ Process,SO-1975,DN-675,Kenya,PMO - US,From RDC,N/A - From RDC,Truck,Pre-PQ Process,N/A - From RDC,5-Mar-08,5-Mar-08,5-Mar-08,HRDT,HIV test - Ancillary,SCMS from RDC,"HIV, Lancet, Safety, for HIV Test kits, 100 Pcs","HIV, Lancet, Safety, for HIV Test kits, 100 Pcs",Generic,,Test kit - Ancillary,100,1550,15.5,0.01,0.0,Inverness Japan,No,See DN-675 (ID#:11247),See DN-675 (ID#:11247),0.02
84336,111-MZ-T30,FPQ-13123,SO-47081,DN-3558,Mozambique,PMO - US,From RDC,N/A - From RDC,Truck,10/21/2013,N/A - From RDC,15-Apr-14,28-Mar-14,4-Apr-14,ARV,Adult,SCMS from RDC,"Nevirapine 200mg, tablets, 60 Tabs",Nevirapine,Generic,200mg,Tablet,60,1330,3005.8,2.26,0.04,Hetero Unit III Hyderabad IN,No,See DN-3558 (ID#:83766),See DN-3558 (ID#:83766),3.09
86312,151-NG-T30,FPQ-5023,SO-36430,DN-1881,Nigeria,PMO - US,From RDC,N/A - From RDC,Air,2/10/2010,N/A - From RDC,15-Jul-10,28-Jun-10,28-Jun-10,ARV,Adult,SCMS from RDC,"Lamivudine/Nevirapine/Zidovudine 150/200/300mg, tablets, 60 Tabs",Lamivudine/Nevirapine/Zidovudine,Generic,150/300/200mg,Tablet - FDC,60,51132,573701.04,11.22,0.19,"Aurobindo Unit III, India",Yes,6002,Freight Included in Commodity Cost,1236.9
86635,111-MZ-T30,FPQ-12573,SO-46170,DN-3554,Mozambique,PMO - US,From RDC,N/A - From RDC,Truck,6/28/2013,N/A - From RDC,31-Mar-14,28-Mar-14,4-Apr-14,ARV,Adult,SCMS from RDC,"Lamivudine/Nevirapine/Stavudine 150/200/30mg, tablets, 60 Tabs",Lamivudine/Nevirapine/Stavudine,Generic,150/200/30mg,Tablet - FDC,60,12160,52531.2,4.32,0.07,"Strides, Bangalore, India.",No,See DN-3554 (ID#:83748),See DN-3554 (ID#:83748),64.98
7695,106-HT-T01,Pre-PQ Process,SCMS-39970,ASN-3628,Haiti,PMO - US,Direct Drop,EXW,Air,Pre-PQ Process,3/6/2009,2-Apr-09,2-Apr-09,2-Apr-09,ARV,Pediatric,Aurobindo Pharma Limited,"Didanosine 200mg, chewable/dispersible tablets, 60 Tabs",Didanosine,Generic,200mg,Chewable/dispersible tablet,60,40,620.0,15.5,0.26,"Aurobindo Unit III, India",No,See ASN-3628 (ID#:2399),See ASN-3628 (ID#:2399),1.22
82537,114-UG-T30,FPQ-10556,SO-43160,DN-2952,Uganda,PMO - US,From RDC,N/A - From RDC,Air,8/30/2012,N/A - From RDC,2-Feb-13,2-Feb-13,2-Feb-13,ARV,Adult,SCMS from RDC,"Lamivudine/Tenofovir Disoproxil Fumarate 300/300mg, tablets, 30 Tabs",Lamivudine/Tenofovir Disoproxil Fumarate,Generic,300/300mg,Tablet - FDC,30,5580,26839.8,4.81,0.16,"Cipla, Kurkumbh, India",Yes,1187,9609.69,37.63
29538,106-HT-T30,FPQ-14895,SCMS-261120,ASN-30810,Haiti,PMO - US,Direct Drop,EXW,Air,9/24/2014,11/14/2014,27-Mar-15,26-Mar-15,30-Mar-15,ARV,Adult,MYLAN LABORATORIES LTD (FORMERLY MATRIX LABORATORIES),"Lamivudine/Nevirapine/Zidovudine 150/200/300mg, tablets, 60 Tabs",Lamivudine/Nevirapine/Zidovudine,Generic,150/300/200mg,Tablet - FDC,60,26608,215524.8,8.1,0.13,Mylan (formerly Matrix) Nashik,Yes,3699,21146.04,221.56
76638,116-ZA-T30,FPQ-12522,SCMS-199289,ASN-28036,South Africa,PMO - US,Direct Drop,DDP,Truck,7/11/2013,8/29/2014,29-Aug-14,29-Aug-14,29-Aug-14,ARV,Adult,S. BUYS WHOLESALER,"Lopinavir/Ritonavir 200/50mg [Aluvia], tablets, 120 Tabs",Lopinavir/Ritonavir,Aluvia,200/50mg,Tablet,120,122,3142.69,25.76,0.21,ABBVIE Ludwigshafen Germany,No,Weight Captured Separately,Freight Included in Commodity Cost,3.89
8232,106-HT-T01,Pre-PQ Process,SCMS-15510,ASN-1273,Haiti,PMO - US,Direct Drop,EXW,Air,Pre-PQ Process,Date Not Captured,11-Feb-08,11-Feb-08,11-Feb-08,HRDT,HIV test,"Trinity Biotech, Plc","HIV 1/2, Capillus HIV Kit, 100 Tests","HIV 1/2, Capillus HIV Kit",Capillus,,Test kit,100,125,17375.0,139.0,1.39,"Trinity Biotech, Plc",Yes,92,1425.77,27.8
86612,110-ZM-T30,FPQ-12066,SO-45081,DN-3360,Zambia,PMO - US,From RDC,N/A - From RDC,Truck,4/19/2013,N/A - From RDC,24-Jan-14,24-Jan-14,17-Mar-14,ARV,Adult,SCMS from RDC,"Efavirenz/Emtricitabine/Tenofovir Disoproxil Fumarate 600/200/300mg, tablets, 30 Tabs",Efavirenz/Emtricitabine/Tenofovir Disoproxil Fumarate,Generic,600/200/300mg,Tablet - FDC,30,177272,2180445.6,12.3,0.41,Mylan (formerly Matrix) Nashik,No,See DN-3360 (ID#:84864),See DN-3360 (ID#:84864),2697.21
82594,114-UG-T30,FPQ-12253,SO-45510,DN-3264,Uganda,PMO - US,From RDC,N/A - From RDC,Air,5/8/2013,N/A - From RDC,30-Aug-13,10-Aug-13,10-Aug-13,ARV,Pediatric,SCMS from RDC,"Lamivudine/Stavudine 30/6mg, dispersible tablets, 60 Tabs",Lamivudine/Stavudine,Generic,30/6mg,Chewable/dispersible tablet - FDC,60,372,706.8,1.9,0.03,"Cipla, Goa, India",Yes,33,951.75,0.87
85909,114-UG-T30,FPQ-10556,SO-43170,DN-2897,Uganda,PMO - US,From RDC,N/A - From RDC,Air,8/30/2012,N/A - From RDC,6-Dec-12,29-Oct-12,29-Oct-12,ARV,Adult,SCMS from RDC,"Nevirapine 200mg, tablets, 60 Tabs",Nevirapine,Generic,200mg,Tablet,60,510,1234.2,2.42,0.04,Hetero Unit III Hyderabad IN,No,See DN-2897 (ID#:84198),See DN-2897 (ID#:84198),1.73
56106,109-TZ-T30,FPQ-9211,SCMS-136930,ASN-14646,Tanzania,PMO - US,Direct Drop,EXW,Air,1/25/2012,2/17/2012,25-May-12,25-May-12,25-May-12,HRDT,HIV test,"Orgenics, Ltd","HIV 1/2, Determine Complete HIV Kit, 100 Tests","HIV 1/2, Determine Complete HIV Kit",Determine,,Test kit,100,2737,218960.0,80.0,0.8,"Alere Medical Co., Ltd.",Yes,1300,23269.06,306.98
46095,106-HT-T30,FPQ-16100,SCMS-288830,ASN-33571,Haiti,PMO - US,Direct Drop,CIP,Air,3/30/2015,5/22/2015,26-Aug-15,26-Aug-15,27-Aug-15,ARV,Pediatric,"MSD LATIN AMERICA SERVICES, S. DE R.L. DE C.V.","Efavirenz 30mg/ml [Stocrin/Sustiva], oral solution, Bottle, 180 ml",Efavirenz,Stocrin/Sustiva,30mg/ml,Oral solution,180,420,7123.2,16.96,0.09,"MSD, Haarlem, NL",Yes,Weight Captured Separately,Freight Included in Commodity Cost,8.38
84094,110-ZM-T30,FPQ-6482,SO-39410,DN-2239,Zambia,PMO - US,From RDC,N/A - From RDC,Truck,10/15/2010,N/A - From RDC,30-Apr-11,20-Jun-11,20-Jun-11,ARV,Adult,SCMS from RDC,"Nevirapine 200mg, tablets, 60 Tabs",Nevirapine,Generic,200mg,Tablet,60,112000,281120.0,2.51,0.04,Hetero Unit III Hyderabad IN,Yes,6449,7962.26,606.09
6915,116-ZA-T01,Pre-PQ Process,SCMS-16600,ASN-1520,South Africa,PMO - US,Direct Drop,DDP,,Pre-PQ Process,1/4/2008,21-Jan-08,4-Jan-08,4-Jan-08,ARV,Adult,"JSI R&T INSTITUTE, INC.","Lamivudine 150mg [Epivir], tablets, 60 Tabs",Lamivudine,Epivir,150mg,Tablet,60,2500,14525.0,5.81,0.1,GSK Cape Town Factory (South Africa),No,Weight Captured Separately,Freight Included in Commodity Cost,23.24
25782,108-VN-T30,FPQ-13976,SCMS-236120,ASN-27809,Vietnam,PMO - US,Direct Drop,EXW,Air,4/8/2014,4/30/2014,16-Sep-14,16-Sep-14,1-Oct-14,ARV,Adult,HETERO LABS LIMITED,"Abacavir 300mg, tablets, 60 Tabs",Abacavir,Generic,300mg,Tablet,60,600,6870.0,11.45,0.19,Hetero Unit III Hyderabad IN,No,See ASN-27809 (ID#:13106),See ASN-27809 (ID#:13106),7.06
85716,104-CI-T30,FPQ-5925,SO-37120,DN-2033,Côte d'Ivoire,PMO - US,From RDC,N/A - From RDC,Truck,6/23/2010,N/A - From RDC,28-Oct-10,23-Nov-10,23-Nov-10,ARV,Adult,SCMS from RDC,"Abacavir 300mg, tablets, 60 Tabs",Abacavir,Generic,300mg,Tablet,60,5070,80562.3,15.89,0.26,Mylan (formerly Matrix) Nashik,No,See DN-2033 (ID#:82922),See DN-2033 (ID#:82922),173.69
82687,110-ZM-T30,FPQ-13692,SO-47992,DN-3889,Zambia,PMO - US,From RDC,N/A - From RDC,Truck,2/6/2014,N/A - From RDC,30-Sep-14,2-Oct-14,22-Oct-14,ARV,Pediatric,SCMS from RDC,"Abacavir/Lamivudine 60/30mg, tablets, 60 Tabs",Abacavir/Lamivudine,Generic,60/30mg,Tablet - FDC,60,60000,237000.0,3.95,0.07,Mylan (formerly Matrix) Nashik,Yes,2484,3613.05,243.64
66663,133-NG-T30,FPQ-12456,SCMS-196561,ASN-22350,Nigeria,PMO - US,Direct Drop,EXW,Air,6/10/2013,7/10/2013,7-Nov-13,7-Nov-13,17-Nov-13,HRDT,HIV test,"Orgenics, Ltd","HIV 1/2, Determine Complete HIV Kit, 100 Tests","HIV 1/2, Determine Complete HIV Kit",Determine,,Test kit,100,3035,270115.0,89.0,0.89,"Alere Medical Co., Ltd.",Yes,1233,21084.84,334.13
20544,114-UG-T30,FPQ-15314,SCMS-264740,ASN-30492,Uganda,PMO - US,Direct Drop,EXW,Air,11/11/2014,12/4/2014,27-Feb-15,27-Feb-15,1-Mar-15,HRDT,HIV test,"Orgenics, Ltd","HIV 1/2, Determine Complete HIV Kit, 100 Tests","HIV 1/2, Determine Complete HIV Kit",Determine,,Test kit,100,4872,389760.0,80.0,0.8,"Alere Medical Co., Ltd.",Yes,1978,16876.25,458.75
78419,103-ZW-T30,FPQ-9905,SCMS-148310,ASN-18001,Zimbabwe,PMO - US,Direct Drop,FCA,Air,5/29/2012,7/18/2012,9-Feb-13,14-Mar-13,14-Mar-13,ARV,Pediatric,ABBVIE LOGISTICS (FORMERLY ABBOTT LOGISTICS BV),"Lopinavir/Ritonavir 80/20mg/ml [Kaletra], oral solution, cool, Bottle 5 x 60 ml",Lopinavir/Ritonavir,Kaletra,80/20mg/ml,Oral solution,300,1021,31467.22,30.82,0.1,ABBVIE (Abbott) Logis. UK,Yes,1013,13257.79,44.12
77324,107-RW-T30,FPQ-4047,SCMS-50810,ASN-5740,Rwanda,PMO - US,Direct Drop,CIP,Air,7/28/2009,8/18/2009,4-Jan-10,4-Jan-10,4-Jan-10,ARV,Adult,HETERO LABS LIMITED,"Lamivudine 150mg, tablets, 60 Tabs",Lamivudine,Generic,150mg,Tablet,60,10350,26806.5,2.59,0.04,Hetero Unit III Hyderabad IN,Yes,582,2990.64,52.54
15423,104-CI-T30,FPQ-12713,SCMS-201900,ASN-23392,Côte d'Ivoire,PMO - US,Direct Drop,EXW,Air,7/23/2013,8/6/2013,23-Jan-14,23-Jan-14,27-Jan-14,HRDT,HIV test,"Orgenics, Ltd","HIV 1/2, Determine Complete HIV Kit, 100 Tests","HIV 1/2, Determine Complete HIV Kit",Determine,,Test kit,100,1400,112000.0,80.0,0.8,"Alere Medical Co., Ltd.",Yes,577,9275.59,138.54
84856,105-GY-T30,FPQ-12619,SO-46080,DN-3334,Guyana,PMO - US,From RDC,N/A - From RDC,Air,7/16/2013,N/A - From RDC,14-Oct-13,7-Oct-13,22-Oct-13,ARV,Adult,SCMS from RDC,"Lamivudine 150mg, tablets, 60 Tabs",Lamivudine,Generic,150mg,Tablet,60,140,278.6,1.99,0.03,Hetero Unit III Hyderabad IN,Yes,9,1118.22,0.34
86142,101-CD-T30,FPQ-14576,SO-49290,DN-3975,"Congo, DRC",PMO - US,From RDC,N/A - From RDC,Air,7/14/2014,N/A - From RDC,30-Jan-15,18-Feb-15,23-Feb-15,ARV,Adult,SCMS from RDC,"Tenofovir Disoproxil Fumarate 300mg, tablets, 30 Tabs",Tenofovir Disoproxil Fumarate,Generic,300mg,Tablet,30,5850,22113.0,3.78,0.13,Hetero Unit III Hyderabad IN,No,See DN-3975 (ID#:82748),See DN-3975 (ID#:82748),22.73
82361,104-CI-T30,FPQ-5925,SO-37660,DN-2071,Côte d'Ivoire,PMO - US,From RDC,N/A - From RDC,Air,6/23/2010,N/A - From RDC,14-Dec-10,15-Dec-10,15-Dec-10,ARV,Pediatric,SCMS from RDC,"Nevirapine 10mg/ml, oral suspension w/syringe, Bottle, 240 ml",Nevirapine,Generic,10mg/ml,Oral suspension,240,628,1224.6,1.95,0.01,"Aurobindo Unit III, India",Yes,232,1794.58,2.64
85432,103-SS-T30,FPQ-13173,SO-47110,DN-3493,South Sudan,PMO - US,From RDC,N/A - From RDC,Air,10/28/2013,N/A - From RDC,22-Jan-14,11-Feb-14,13-Feb-14,ARV,Pediatric,SCMS from RDC,"Efavirenz 200mg, scored tablets, 90 Tabs",Efavirenz,Generic,200mg,Tablet,90,66,613.8,9.3,0.1,"Strides, Bangalore, India.",No,See DN-3493 (ID#:84322),See DN-3493 (ID#:84322),0.63
82322,117-ET-T30,FPQ-5668,SO-36810,DN-1844,Ethiopia,PMO - US,From RDC,N/A - From RDC,Air,5/7/2010,N/A - From RDC,1-Jun-10,31-May-10,31-May-10,ARV,Adult,SCMS from RDC,"Nevirapine 200mg, tablets, 60 Tabs",Nevirapine,Generic,200mg,Tablet,60,11000,29260.0,2.66,0.04,"Aurobindo Unit III, India",Yes,1070,6153.8,63.08
82779,103-ZW-T30,FPQ-13967,SO-48440,DN-4157,Zimbabwe,PMO - US,From RDC,N/A - From RDC,Truck,4/2/2014,N/A - From RDC,7-Mar-15,17-Mar-15,18-Mar-15,ARV,Pediatric,SCMS from RDC,"Lamivudine/Nevirapine/Zidovudine 30/50/60mg, dispersible tablets, 60 Tabs",Lamivudine/Nevirapine/Zidovudine,Generic,30/50/60mg,Chewable/dispersible tablet - FDC,60,57804,208094.4,3.6,0.06,"Cipla, Goa, India",Yes,15222,18513.23,213.92
11524,117-ET-T01,Pre-PQ Process,SO-1523,DN-540,Ethiopia,PMO - US,From RDC,N/A - From RDC,Air,Pre-PQ Process,N/A - From RDC,20-Dec-07,16-Jan-08,16-Jan-08,ARV,Adult,SCMS from RDC,"Lamivudine 150mg, tablets, 60 Tabs",Lamivudine,Generic,150mg,Tablet,60,29500,89680.0,3.04,0.05,"Ranbaxy, Paonta Shahib, India",Yes,1650,11339.5,143.49
85968,151-NG-T30,FPQ-11022,SO-43848,DN-3162,Nigeria,PMO - US,From RDC,N/A - From RDC,Air Charter,11/15/2012,N/A - From RDC,21-May-13,3-May-13,3-May-13,ARV,Adult,SCMS from RDC,"Nevirapine 200mg, tablets, 60 Tabs",Nevirapine,Generic,200mg,Tablet,60,95000,214700.0,2.26,0.04,Hetero Unit III Hyderabad IN,Yes,6528,14547.55,265.58
81909,133-NG-T30,FPQ-12456,SCMS-196561,ASN-22343,Nigeria,PMO - US,Direct Drop,EXW,Air,6/10/2013,7/10/2013,7-Nov-13,5-Nov-13,17-Nov-13,HRDT,HIV test,"Orgenics, Ltd","HIV 1/2, Determine Complete HIV Kit, 100 Tests","HIV 1/2, Determine Complete HIV Kit",Determine,,Test kit,100,3031,269759.0,89.0,0.89,"Alere Medical Co., Ltd.",Yes,1231,20705.23,333.69
40657,117-ET-T30,FPQ-4867,SCMS-63000,ASN-5909,Ethiopia,PMO - US,Direct Drop,EXW,Air,1/5/2010,1/12/2010,29-Jan-10,29-Jan-10,29-Jan-10,HRDT,HIV test,"CHEMBIO DIAGNOSTIC SYSTEMS, INC.","HIV 1/2, Stat-Pak HIV, Kit, 20 Tests","HIV 1/2, Stat-Pak HIV, Kit",Stat-Pak,,Test kit,20,140,3780.0,27.0,1.35,Chembio Diagnostics Sys. Inc.,Yes,38,447.73,8.15
10940,109-TZ-T01,Pre-PQ Process,SO-1648,DN-559,Tanzania,PMO - US,From RDC,N/A - From RDC,Air,Pre-PQ Process,N/A - From RDC,25-Feb-08,25-Feb-08,25-Feb-08,ARV,Pediatric,SCMS from RDC,"Didanosine 100mg, chewable/dispersible tablets, 60 Tabs",Didanosine,Generic,100mg,Chewable/dispersible tablet,60,2273,17615.75,7.75,0.13,"Aurobindo Unit III, India",Yes,2749,10654.94,28.19
86576,151-NG-T30,FPQ-11022,SO-45203,DN-3190,Nigeria,PMO - US,From RDC,N/A - From RDC,Air Charter,11/15/2012,N/A - From RDC,21-May-13,29-May-13,29-May-13,ARV,Pediatric,SCMS from RDC,"Efavirenz 200mg, scored tablets, 90 Tabs",Efavirenz,Generic,200mg,Tablet,90,10743,78423.9,7.3,0.08,"Strides, Bangalore, India.",Yes,748,20761,97.01
24018,102-KE-T30,FPQ-3976,SCMS-52792,ASN-5143,Kenya,PMO - US,Direct Drop,EXW,Air,7/20/2009,9/3/2009,6-Nov-09,6-Nov-09,6-Nov-09,HRDT,HIV test,"Orgenics, Ltd","HIV 1/2, Determine Complete HIV Kit, 100 Tests","HIV 1/2, Determine Complete HIV Kit",Determine,,Test kit,100,20000,1600000.0,80.0,0.8,Inverness Japan,Yes,5902,52057.8,3136.0
83706,110-ZM-T30,FPQ-12066,SO-45061,DN-3258,Zambia,PMO - US,From RDC,N/A - From RDC,Truck,4/19/2013,N/A - From RDC,6-Sep-13,30-Jul-13,30-Jul-13,ARV,Adult,SCMS from RDC,"Abacavir 300mg, tablets, 60 Tabs",Abacavir,Generic,300mg,Tablet,60,1102,14281.92,12.96,0.22,Mylan (formerly Matrix) Nashik,Yes,645,5213.01,17.67
82706,103-SS-T30,FPQ-14409,SO-49120,DN-3842,South Sudan,PMO - US,From RDC,N/A - From RDC,Air,6/5/2014,N/A - From RDC,1-Sep-14,1-Sep-14,2-Sep-14,ARV,Adult,SCMS from RDC,"Lamivudine/Zidovudine 150/300mg, tablets, 60 Tabs",Lamivudine/Zidovudine,Generic,150/300mg,Tablet - FDC,60,396,2581.92,6.52,0.11,Hetero Unit III Hyderabad IN,Yes,410,4708,2.65
83294,151-NG-T30,FPQ-13704,SO-48311,DN-4053,Nigeria,PMO - US,From RDC,N/A - From RDC,Air Charter,2/13/2014,N/A - From RDC,26-Jan-15,29-Dec-14,6-Jan-15,ARV,Adult,SCMS from RDC,"Abacavir/Lamivudine 600/300mg, tablets, 30 Tabs",Abacavir/Lamivudine,Generic,600/300mg,Tablet - FDC,30,558,7544.16,13.52,0.45,Mylan (formerly Matrix) Nashik,Yes,49,181.92,7.76
85587,114-UG-T30,FPQ-15294,SO-50050,DN-4218,Uganda,PMO - US,From RDC,N/A - From RDC,Truck,11/3/2014,N/A - From RDC,15-Jun-15,14-May-15,15-May-15,ARV,Adult,SCMS from RDC,"Nevirapine 200mg, tablets, 60 Tabs",Nevirapine,Generic,200mg,Tablet,60,79258,172782.44,2.18,0.04,Hetero Unit III Hyderabad IN,No,See DN-4218 (ID#:83326),See DN-4218 (ID#:83326),203.36
34942,116-ZA-T30,FPQ-3560,SCMS-49641,ASN-5136,South Africa,PMO - US,Direct Drop,DDP,Truck,5/7/2009,7/21/2009,5-Aug-09,5-Aug-09,5-Aug-09,ARV,Pediatric,S. BUYS WHOLESALER,"Zidovudine 100mg, capsules, 100 Caps",Zidovudine,Generic,100mg,Capsule,100,944,22658.01,24.0,0.24,"Cipla, Goa, India",No,Weight Captured Separately,Freight Included in Commodity Cost,44.41
74008,161-ZA-T30,FPQ-7400,SCMS-104210,ASN-12078,South Africa,PMO - US,Direct Drop,DDP,Ocean,3/11/2011,3/30/2011,2-Dec-11,2-Dec-11,2-Dec-11,ARV,Pediatric,GLAXOSMITHKLINE EXPORT LIMITED,"Abacavir 20mg/ml [Ziagen], oral solution, Bottle, 240 ml",Abacavir,Ziagen,20mg/ml,Oral solution,240,20000,185600.0,9.28,0.04,GSK Mississauga (Canada),Yes,7664,8301.76,306.24
17924,116-ZA-T30,FPQ-12522,SCMS-199283,ASN-27979,South Africa,PMO - US,Direct Drop,DDP,Truck,7/11/2013,8/27/2014,27-Aug-14,27-Aug-14,27-Aug-14,ARV,Adult,S. BUYS WHOLESALER,"Efavirenz 600mg, tablets, 30 Tabs",Efavirenz,Generic,600mg,Tablet,30,143,2391.83,16.73,0.56,Hetero Unit III Hyderabad IN,No,Weight Captured Separately,Freight Included in Commodity Cost,2.96
60105,116-ZA-T30,FPQ-14942,SCMS-259075,ASN-32138,South Africa,PMO - US,Direct Drop,DDP,Truck,9/11/2014,5/11/2015,12-May-15,12-May-15,12-May-15,ARV,Adult,PHARMACY DIRECT,"Emtricitabine/Tenofovir Disoproxil Fumarate 200/300mg, tablets, 30 Tabs",Emtricitabine/Tenofovir Disoproxil Fumarate,Generic,200/300mg,Tablet - FDC,30,3,65.49,21.83,0.73,"Aurobindo Unit III, India",No,Weight Captured Separately,Freight Included in Commodity Cost,0.07
15298,116-ZA-T30,FPQ-14942,SCMS-259075,ASN-32122,South Africa,PMO - US,Direct Drop,DDP,Truck,9/11/2014,5/11/2015,12-May-15,12-May-15,12-May-15,ARV,Adult,PHARMACY DIRECT,"Didanosine 400mg, delayed-release capsules, 30 Caps",Didanosine,Generic,400mg,Delayed-release capsules,30,7,99.53,14.22,0.47,"Aurobindo Unit III, India",No,Weight Captured Separately,Freight Included in Commodity Cost,0.1
57733,106-HT-T30,FPQ-11286,SCMS-176340,ASN-19535,Haiti,PMO - US,Direct Drop,EXW,Air,1/16/2013,2/5/2013,10-Jun-13,10-Jun-13,10-Jun-13,ARV,Adult,HETERO LABS LIMITED,"Lamivudine/Stavudine 150/30mg, tablets, 60 Tabs",Lamivudine/Stavudine,Generic,150/30mg,Tablet - FDC,60,336,836.64,2.49,0.04,Hetero Unit III Hyderabad IN,Yes,37,1845.9,1.03
85982,151-NG-T30,FPQ-11771,SO-44756,DN-3244,Nigeria,PMO - US,From RDC,N/A - From RDC,Air Charter,2/28/2013,N/A - From RDC,21-Aug-13,30-Jul-13,30-Jul-13,ARV,Pediatric,SCMS from RDC,"Lamivudine/Nevirapine/Zidovudine 30/50/60mg, dispersible tablets, 60 Tabs",Lamivudine/Nevirapine/Zidovudine,Generic,30/50/60mg,Chewable/dispersible tablet - FDC,60,19000,78850.0,4.15,0.07,"Cipla, Goa, India",Yes,2511,Freight Included in Commodity Cost,97.54
11634,106-HT-T01,Pre-PQ Process,SO-24830,DN-1205,Haiti,PMO - US,From RDC,N/A - From RDC,Air,Pre-PQ Process,N/A - From RDC,19-May-09,19-May-09,19-May-09,ARV,Adult,SCMS from RDC,"Stavudine 15mg, capsules, 60 Caps",Stavudine,Generic,15mg,Capsule,60,108,162.0,1.5,0.02,"Aurobindo Unit III, India",No,See DN-1205 (ID#:11314),See DN-1205 (ID#:11314),0.32
85987,114-UG-T30,FPQ-12253,SO-45460,DN-3271,Uganda,PMO - US,From RDC,N/A - From RDC,Air,5/8/2013,N/A - From RDC,2-Sep-13,2-Sep-13,2-Sep-13,ARV,Adult,SCMS from RDC,"Lamivudine/Nevirapine/Zidovudine 150/200/300mg, tablets, 60 Tabs",Lamivudine/Nevirapine/Zidovudine,Generic,150/300/200mg,Tablet - FDC,60,14010,120205.8,8.58,0.14,"Cipla, Goa, India",No,See DN-3271 (ID#:85394),See DN-3271 (ID#:85394),148.69
79064,116-ZA-T30,FPQ-12523,SCMS-199310,ASN-29450,South Africa,PMO - US,Direct Drop,DDP,Truck,7/12/2013,8/13/2013,19-Nov-14,19-Nov-14,19-Nov-14,ARV,Adult,S. BUYS WHOLESALER,"Raltegravir 400mg [Isentress], tablets, 60 Tabs",Raltegravir,Isentress,400mg,Tablet,60,82,7657.21,93.38,1.56,"MSD, Haarlem, NL",No,Weight Captured Separately,Freight Included in Commodity Cost,9.47
15405,107-RW-T30,FPQ-6186,SCMS-83330,ASN-9332,Rwanda,PMO - US,Direct Drop,CIP,Air,8/13/2010,9/27/2010,7-Jan-11,7-Jan-11,7-Jan-11,ARV,Adult,CIPLA LIMITED,"Lopinavir/Ritonavir 200/50mg, tablets, 120 Tabs",Lopinavir/Ritonavir,Generic,200/50mg,Tablet,120,1202,41228.6,34.3,0.29,Cipla Ltd A-42 MIDC Mahar. IN,Yes,Weight Captured Separately,Freight Included in Commodity Cost,88.89
68993,161-ZA-T30,FPQ-5303,SCMS-69000,ASN-7022,South Africa,PMO - US,Direct Drop,DDP,Air,3/18/2010,3/19/2010,8-Jun-10,8-Jun-10,8-Jun-10,ARV,Adult,Aurobindo Pharma Limited,"Zidovudine 300mg, tablets, 60 Tabs",Zidovudine,Generic,300mg,Tablet,60,57494,427180.42,7.43,0.12,"Aurobindo Unit III, India",Yes,3085,4885.2,921.0
3049,104-CI-T01,Pre-PQ Process,SCMS-18420,ASN-1468,Côte d'Ivoire,PMO - US,Direct Drop,EXW,Air,Pre-PQ Process,2/28/2008,8-Apr-08,8-Apr-08,8-Apr-08,HRDT,HIV test,"Orgenics, Ltd","HIV 1/2, Determine HIV Kit, without Lancets, 100 Tests","HIV 1/2, Determine HIV Kit, without Lancets",Determine,,Test kit,100,70,5039.3,71.99,0.72,Inverness Japan,Yes,16,515.48,8.06
84335,151-NG-T30,FPQ-12248,SO-45664,DN-3541,Nigeria,PMO - US,From RDC,N/A - From RDC,Air Charter,5/6/2013,N/A - From RDC,28-Feb-14,10-Feb-14,19-Feb-14,ARV,Adult,SCMS from RDC,"Efavirenz/Lamivudine/Tenofovir Disoproxil Fumarate 600/300/300mg, tablets, 30 Tabs",Efavirenz/Lamivudine/Tenofovir Disoproxil Fumarate,Generic,600/300/300mg,Tablet - FDC,30,89490,972756.3,10.87,0.36,Mylan (formerly Matrix) Nashik,Yes,11280,30936.1,1203.3
3354,117-ET-T01,Pre-PQ Process,SCMS-28690,ASN-2840,Ethiopia,PMO - US,Direct Drop,EXW,Air,Pre-PQ Process,8/22/2008,17-Nov-08,17-Nov-08,17-Nov-08,HRDT,HIV test,"SHANGHAI KEHUA BIOENGINEERING CO.,LTD.  (KHB)","HIV 1/2, SKB Colloidal Gold, Diagnostic Kit, Antibody, 50 Tests","HIV 1/2, Colloidal Gold, Diagnostic Kit, Antibody",Colloidal Gold,,Test kit,1,6998,160954.0,23.0,23.0,"KHB Test Kit Facility, Shanghai China",Yes,4913,46117.09,315.47
33314,151-NG-T30,FPQ-16553,SCMS-296470,ASN-33749,Nigeria,PMO - US,Direct Drop,EXW,Air,7/7/2015,8/4/2015,2-Sep-15,2-Sep-15,9-Sep-15,ARV,Pediatric,CIPLA LIMITED,"Abacavir/Lamivudine 60/30mg, dispersible tablets, 60 Tabs",Abacavir/Lamivudine,Generic,60/30mg,Chewable/dispersible tablet - FDC,60,13429,67145.0,5.0,0.08,"Cipla, Patalganga, India",Yes,Weight Captured Separately,Invoiced Separately,79.03
85923,113-ZW-T30,FPQ-11422,SO-44010,DN-2979,Zimbabwe,PMO - US,From RDC,N/A - From RDC,Air,1/4/2013,N/A - From RDC,15-Feb-13,24-Jan-13,24-Jan-13,ARV,Adult,SCMS from RDC,"Lopinavir/Ritonavir 200/50mg, tablets, 120 Tabs",Lopinavir/Ritonavir,Generic,200/50mg,Tablet,120,1573,38947.48,24.76,0.21,"Aurobindo Unit III, India",Yes,388,2392,48.18
84838,900-SS-T30,FPQ-11637,SO-44701,DN-3259,South Sudan,PMO - US,From RDC,N/A - From RDC,Truck,2/27/2013,N/A - From RDC,26-Aug-13,26-Aug-13,26-Aug-13,ARV,Adult,SCMS from RDC,"Nevirapine 200mg, tablets, 60 Tabs",Nevirapine,Generic,200mg,Tablet,60,225,508.5,2.26,0.04,Hetero Unit III Hyderabad IN,Yes,81,1641,0.63
85991,111-MZ-T30,FPQ-11884,SO-44863,DN-3289,Mozambique,PMO - US,From RDC,N/A - From RDC,Truck,3/19/2013,N/A - From RDC,13-Nov-13,13-Nov-13,2-Dec-13,ARV,Adult,SCMS from RDC,"Nevirapine 200mg, tablets, 60 Tabs",Nevirapine,Generic,200mg,Tablet,60,2000,4520.0,2.26,0.04,"Cipla, Goa, India",No,See DN-3289 (ID#:84844),See DN-3289 (ID#:84844),5.59
40044,116-ZA-T30,FPQ-12523,SCMS-199310,ASN-29450,South Africa,PMO - US,Direct Drop,DDP,Truck,7/12/2013,8/13/2013,19-Nov-14,19-Nov-14,19-Nov-14,ARV,Adult,S. BUYS WHOLESALER,"Etravirine 100mg [Intelence], tablets, 120 Tabs",Etravirine,Intelence,100mg,Tablet,120,39,1523.85,39.07,0.33,"Janssen-Cilag, Latina, IT",No,Weight Captured Separately,Freight Included in Commodity Cost,1.89
11681,110-ZM-T01,Pre-PQ Process,SO-29030,DN-1407,Zambia,PMO - US,From RDC,N/A - From RDC,Truck,Date Not Captured,N/A - From RDC,19-Oct-09,19-Oct-09,19-Oct-09,ARV,Adult,SCMS from RDC,"Nevirapine 200mg, tablets, 60 Tabs",Nevirapine,Generic,200mg,Tablet,60,84282,252846.0,3.0,0.05,"Aurobindo Unit III, India",Yes,13680,16339.98,495.58
83727,151-NG-T30,FPQ-11864,SO-44926,DN-3365,Nigeria,PMO - US,From RDC,N/A - From RDC,Air Charter,3/14/2013,N/A - From RDC,31-Oct-13,14-Oct-13,24-Oct-13,ARV,Pediatric,SCMS from RDC,"Abacavir/Lamivudine 60/30mg, tablets, 30 Tabs",Abacavir/Lamivudine,Generic,60/30mg,Tablet - FDC,30,6000,24000.0,4.0,0.13,Mylan (formerly Matrix) Nashik,Yes,290,20225.07,29.69
82533,151-NG-T30,FPQ-9968,SO-43434,DN-2945,Nigeria,PMO - US,From RDC,N/A - From RDC,Air,5/23/2012,N/A - From RDC,30-Nov-12,4-Dec-12,4-Dec-12,ARV,Adult,SCMS from RDC,"Lamivudine/Tenofovir Disoproxil Fumarate 300/300mg, tablets, 30 Tabs",Lamivudine/Tenofovir Disoproxil Fumarate,Generic,300/300mg,Tablet - FDC,30,66637,357174.32,5.36,0.18,"Cipla, Kurkumbh, India",Yes,25523,51090,500.76
83569,104-CI-T30,FPQ-8787,SO-41171,DN-2545,Côte d'Ivoire,PMO - US,From RDC,N/A - From RDC,Air,11/11/2011,N/A - From RDC,21-May-12,1-Mar-12,1-Mar-12,ARV,Adult,SCMS from RDC,"Lamivudine 150mg, tablets, 60 Tabs",Lamivudine,Generic,150mg,Tablet,60,10350,24115.5,2.33,0.04,"Aurobindo Unit III, India",Yes,495,20548.8,33.81
30942,161-ZA-T30,FPQ-5648,SCMS-75480,ASN-8380,South Africa,PMO - US,Direct Drop,DDP,Air,6/2/2010,6/17/2010,13-Dec-10,13-Dec-10,13-Dec-10,ARV,Pediatric,Aurobindo Pharma Limited,"Nevirapine 10mg/ml, oral suspension w/syringe, Bottle, 240 ml",Nevirapine,Generic,10mg/ml,Oral suspension,240,9630,30334.5,3.15,0.01,"Aurobindo Unit III, India",Yes,3732,4876.34,65.4
24358,109-TZ-T30,FPQ-14049,SCMS-239380,ASN-27718,Tanzania,PMO - US,Direct Drop,FCA,Air,4/11/2014,5/16/2014,2-Oct-14,2-Oct-14,3-Oct-14,ARV,Pediatric,ABBVIE LOGISTICS (FORMERLY ABBOTT LOGISTICS BV),"Lopinavir/Ritonavir 100/25mg [Aluvia], tablets, 60 Tabs",Lopinavir/Ritonavir,Generic,100/25mg,Tablet,60,5273,31321.62,5.94,0.1,ABBVIE Ludwigshafen Germany,Yes,668,4835.39,32.2
37887,161-ZA-T30,FPQ-5303,SCMS-68720,ASN-7593,South Africa,PMO - US,Direct Drop,DDP,Air,3/18/2010,3/19/2010,19-Jul-10,13-Oct-10,13-Oct-10,ARV,Adult,CIPLA LIMITED,"Tenofovir Disoproxil Fumarate 300mg, tablets, 30 Tabs",Tenofovir Disoproxil Fumarate,Generic,300mg,Tablet,30,63785,498798.7,7.82,0.26,"Cipla, Goa, India",Yes,4141,5404.34,1075.41
11052,114-UG-T01,Pre-PQ Process,SO-31140,DN-1262,Uganda,PMO - US,From RDC,N/A - From RDC,Air,Pre-PQ Process,N/A - From RDC,1-Jun-09,1-Jun-09,1-Jun-09,ARV,Adult,SCMS from RDC,"Zidovudine 300mg, tablets, 60 Tabs",Zidovudine,Generic,300mg,Tablet,60,105,809.55,7.71,0.13,"Aurobindo Unit III, India",Yes,6,1053.86,1.59
12779,104-CI-T01,Pre-PQ Process,SO-1901,DN-735,Côte d'Ivoire,PMO - US,From RDC,N/A - From RDC,Air,Pre-PQ Process,N/A - From RDC,14-May-08,14-May-08,14-May-08,ARV,Adult,SCMS from RDC,"Lamivudine/Nevirapine/Stavudine 150/200/30mg, tablets, 60 Tabs",Lamivudine/Nevirapine/Stavudine,Generic,150/200/30mg,Tablet - FDC,60,3847,28467.8,7.4,0.12,"Cipla, Goa, India",Yes,408,1514.68,45.55
36322,106-HT-T30,FPQ-15038,SCMS-262841,ASN-31571,Haiti,PMO - US,Direct Drop,EXW,Ocean,10/22/2014,12/24/2014,17-Jun-15,17-Jun-15,18-Jun-15,ARV,Adult,MYLAN LABORATORIES LTD (FORMERLY MATRIX LABORATORIES),"Lamivudine/Zidovudine 150/300mg, tablets, 60 Tabs",Lamivudine/Zidovudine,Generic,150/300mg,Tablet - FDC,60,53010,344034.9,6.49,0.11,Mylan (formerly Matrix) Nashik,Yes,Weight Captured Separately,Invoiced Separately,353.67
12135,110-ZM-T01,Pre-PQ Process,SO-1314,DN-466,Zambia,PMO - US,From RDC,N/A - From RDC,,Pre-PQ Process,N/A - From RDC,12-Dec-07,12-Dec-07,12-Dec-07,ARV,Adult,SCMS from RDC,"Nevirapine 200mg, tablets, 60 Tabs",Nevirapine,Generic,200mg,Tablet,60,60440,205496.0,3.4,0.06,"Aurobindo Unit III, India",Yes,5725,15671.53,328.79
85207,111-MZ-T30,FPQ-8157,SO-40340,DN-2407,Mozambique,PMO - US,From RDC,N/A - From RDC,Truck,8/4/2011,N/A - From RDC,25-Jan-12,25-Jan-12,25-Jan-12,ARV,Adult,SCMS from RDC,"Lamivudine 150mg, tablets, 60 Tabs",Lamivudine,Generic,150mg,Tablet,60,1458,3397.14,2.33,0.04,Hetero Unit III Hyderabad IN,Yes,79,1078.61,5.61
68462,107-RW-T30,FPQ-4850,SCMS-63640,ASN-6130,Rwanda,PMO - US,Direct Drop,FCA,Air,1/6/2010,1/20/2010,3-Mar-10,3-Mar-10,3-Mar-10,ARV,Adult,ABBVIE LOGISTICS (FORMERLY ABBOTT LOGISTICS BV),"Ritonavir 100mg [Norvir], capsules, cool, 4 x 84 Caps",Ritonavir,Norvir,100mg,Capsule,336,120,4603.2,38.36,0.11,ABBVIE (Abbott) Logis. UK,Yes,298,2204.08,9.92
10644,110-ZM-T01,Pre-PQ Process,SO-1029,DN-486,Zambia,PMO - US,From RDC,N/A - From RDC,,Pre-PQ Process,N/A - From RDC,6-Dec-07,6-Dec-07,6-Dec-07,ARV,Pediatric,SCMS from RDC,"Efavirenz 50mg, capsule, 30 Caps",Efavirenz,Generic,50mg,Capsule,30,3690,10147.5,2.75,0.09,"Aurobindo Unit III, India",Yes,226,1370.28,16.24
43507,116-ZA-T30,FPQ-14942,SCMS-259074,ASN-31070,South Africa,PMO - US,Direct Drop,DDP,Truck,9/11/2014,3/9/2015,9-Mar-15,9-Mar-15,9-Mar-15,ARV,Pediatric,PHARMACY DIRECT,"Abacavir 20mg/ml, oral solution, Bottle, 240 ml",Abacavir,Generic,20mg/ml,Oral solution,240,13,230.24,17.71,0.07,"Aurobindo Unit III, India",No,Weight Captured Separately,Freight Included in Commodity Cost,0.24
12530,100-PK-T01,Pre-PQ Process,SO-14930,DN-1004,Pakistan,PMO - US,From RDC,N/A - From RDC,Air,Pre-PQ Process,N/A - From RDC,17-Nov-08,17-Nov-08,17-Nov-08,HRDT,HIV test,SCMS from RDC,"HIV 1/2, Bioline 3.0 Kit, Lancets, Capillary pipets, Alcohol swabs included, 25 Tests","HIV 1/2, Bioline 3.0 Kit, Lancets, Capillary pipets, Alcohol swabs included",Bioline,,Test kit,25,16,320.0,20.0,0.8,"Standard Diagnostics, Korea",No,See DN-1004 (ID#:11280),See DN-1004 (ID#:11280),0.63
40680,104-CI-T30,FPQ-12806,SCMS-206570,ASN-24432,Côte d'Ivoire,PMO - US,Direct Drop,EXW,Air,8/9/2013,9/17/2013,27-Feb-14,27-Feb-14,26-Mar-14,ARV,Pediatric,Aurobindo Pharma Limited,"Nevirapine 50mg, dispersible tablets (tablets for oral suspension), 30 Tabs",Nevirapine,Generic,50mg,Chewable/dispersible tablet,30,7000,8750.0,1.25,0.04,"Aurobindo Unit III, India",Yes,480,5325.3,10.82
67142,104-CI-T30,FPQ-6663,SCMS-91840,ASN-9056,Côte d'Ivoire,PMO - US,Direct Drop,FCA,Air,11/4/2010,11/11/2010,14-Jan-11,14-Jan-11,14-Jan-11,ARV,Adult,ABBVIE LOGISTICS (FORMERLY ABBOTT LOGISTICS BV),"Lopinavir/Ritonavir 200/50mg [Aluvia], tablets, 120 Tabs",Lopinavir/Ritonavir,Aluvia,200/50mg,Tablet,120,10280,371724.8,36.16,0.3,ABBVIE Ludwigshafen Germany,Yes,2573,13562.35,613.35
23756,901-NA-T30,FPQ-14689,SCMS-253440,ASN-29096,Namibia,PMO - US,Direct Drop,EXW,Air,7/30/2014,8/29/2014,19-Nov-14,19-Nov-14,3-Dec-14,ARV,Adult,HETERO LABS LIMITED,"Lamivudine/Nevirapine/Zidovudine 150/200/300mg, tablets, 60 Tabs",Lamivudine/Nevirapine/Zidovudine,Generic,150/300/200mg,Tablet - FDC,60,33516,277847.64,8.29,0.14,"Hetero, Jadcherla, unit 5, IN",Yes,4237,6786.64,285.63
3748,116-ZA-T01,Pre-PQ Process,SCMS-41100,ASN-4670,South Africa,PMO - US,Direct Drop,DDP,Air,Pre-PQ Process,3/13/2009,17-Jun-09,17-Apr-09,17-Apr-09,ARV,Adult,S. BUYS WHOLESALER,"Efavirenz 600mg, tablets, 30 Tabs",Efavirenz,Generic,600mg,Tablet,30,282,4314.6,15.3,0.51,"Aurobindo Unit III, India",Yes,Weight Captured Separately,Freight Included in Commodity Cost,8.46
84624,113-ZW-T30,FPQ-6470,SO-38830,DN-2128,Zimbabwe,PMO - US,From RDC,N/A - From RDC,Truck,10/13/2010,N/A - From RDC,31-Mar-11,18-Mar-11,18-Mar-11,ARV,Adult,SCMS from RDC,"Nevirapine 200mg, tablets, 60 Tabs",Nevirapine,Generic,200mg,Tablet,60,9073,22773.23,2.51,0.04,Hetero Unit III Hyderabad IN,Yes,2102,7765.17,49.1
82380,106-HT-T30,FPQ-6484,SO-39310,DN-2188,Haiti,PMO - US,From RDC,N/A - From RDC,Air,10/13/2010,N/A - From RDC,12-May-11,4-May-11,4-May-11,ARV,Pediatric,SCMS from RDC,"Efavirenz 200mg, capsule, 90 Caps",Efavirenz,Generic,200mg,Capsule,90,1260,12234.6,9.71,0.11,"Aurobindo Unit III, India",Yes,194,2452.54,26.38
12305,106-HT-T01,Pre-PQ Process,SO-32730,DN-1374,Haiti,PMO - US,From RDC,N/A - From RDC,Air,Date Not Captured,N/A - From RDC,31-Jul-09,31-Jul-09,31-Jul-09,ARV,Pediatric,SCMS from RDC,"Efavirenz 200mg, capsule, 90 Caps",Efavirenz,Generic,200mg,Capsule,90,525,6683.25,12.73,0.14,"Aurobindo Unit III, India",No,See DN-1374 (ID#:11999),See DN-1374 (ID#:11999),13.1
83545,151-NG-T30,FPQ-7812,SO-40724,DN-2401,Nigeria,PMO - US,From RDC,N/A - From RDC,Air Charter,6/6/2011,N/A - From RDC,5-Dec-11,13-Oct-11,13-Oct-11,ARV,Adult,SCMS from RDC,"Lamivudine/Nevirapine/Zidovudine 150/200/300mg, tablets, 60 Tabs",Lamivudine/Nevirapine/Zidovudine,Generic,150/300/200mg,Tablet - FDC,60,45113,506167.86,11.22,0.19,Mylan (formerly Matrix) Nashik,Yes,6180,21326.73,835.18
60702,104-CI-T30,FPQ-15618,SCMS-272180,ASN-30880,Côte d'Ivoire,PMO - US,Direct Drop,EXW,Air,12/17/2014,2/20/2015,9-Apr-15,9-Apr-15,10-Apr-15,HRDT,HIV test,"CHEMBIO DIAGNOSTIC SYSTEMS, INC.","HIV 1/2, Stat-Pak HIV, Kit, 20 Tests","HIV 1/2, Stat-Pak HIV, Kit",Stat-Pak,,Test kit,20,2400,74400.0,31.0,1.55,Chembio Diagnostics Sys. Inc.,Yes,678,9253.44,87.57
85645,111-MZ-T30,FPQ-4479,SO-34170,DN-1580,Mozambique,PMO - US,From RDC,N/A - From RDC,Air,2/26/2009,N/A - From RDC,19-Jan-10,26-Jan-10,26-Jan-10,ARV,Adult,SCMS from RDC,"Zidovudine 300mg, tablets, 60 Tabs",Zidovudine,Generic,300mg,Tablet,60,6552,50515.92,7.71,0.13,"Aurobindo Unit III, India",No,See DN-1580 (ID#:82281),See DN-1580 (ID#:82281),99.01
49405,102-KE-T30,FPQ-6114,SCMS-80820,ASN-8587,Kenya,PMO - US,Direct Drop,EXW,Air,7/23/2010,8/27/2010,12-Nov-10,12-Nov-10,12-Nov-10,HRDT,HIV test,"Orgenics, Ltd","HIV 1/2, Determine Complete HIV Kit, 100 Tests","HIV 1/2, Determine Complete HIV Kit",Determine,,Test kit,100,2578,229442.0,89.0,0.89,Inverness Japan,Yes,1427,15353.45,494.68
83652,113-ZW-T30,FPQ-11514,SO-44330,DN-3007,Zimbabwe,PMO - US,From RDC,N/A - From RDC,Truck,1/23/2013,N/A - From RDC,21-Feb-13,4-Feb-13,4-Feb-13,ARV,Pediatric,SCMS from RDC,"Nevirapine 10mg/ml, oral suspension w/syringe, Bottle, 240 ml",Nevirapine,Generic,10mg/ml,Oral suspension,240,62500,121875.0,1.95,0.01,"Aurobindo Unit III, India",Yes,23176,17308.69,150.76
11265,106-HT-T01,Pre-PQ Process,SO-2055,DN-690,Haiti,PMO - US,From RDC,N/A - From RDC,Air,Pre-PQ Process,N/A - From RDC,14-Apr-08,14-Apr-08,14-Apr-08,ARV,Pediatric,SCMS from RDC,"Lamivudine 10mg/ml, oral solution, Bottle, 240 ml",Lamivudine,Generic,10mg/ml,Oral solution,240,4338,8545.86,1.97,0.01,"Aurobindo Unit III, India",No,See DN-690 (ID#:10706),See DN-690 (ID#:10706),13.67
44082,133-NG-T30,FPQ-13741,SCMS-239690,ASN-26758,Nigeria,PMO - US,Direct Drop,EXW,Air,2/13/2014,5/19/2014,9-Jul-14,9-Jul-14,17-Jul-14,HRDT,HIV test,"Orgenics, Ltd","HIV 1/2, Determine Complete HIV Kit, 100 Tests","HIV 1/2, Determine Complete HIV Kit",Determine,,Test kit,100,11054,983806.0,89.0,0.89,"Alere Medical Co., Ltd.",Yes,4495,67915.7,1011.35
85805,110-ZM-T30,FPQ-7767,SO-40271,DN-2431,Zambia,PMO - US,From RDC,N/A - From RDC,Truck,7/26/2011,N/A - From RDC,28-Feb-12,28-Nov-11,28-Nov-11,ARV,Adult,SCMS from RDC,"Abacavir 300mg, tablets, 60 Tabs",Abacavir,Generic,300mg,Tablet,60,2548,38321.92,15.04,0.25,Mylan (formerly Matrix) Nashik,Yes,257,361.73,63.23
27026,161-ZA-T30,FPQ-5303,SCMS-68720,ASN-7537,South Africa,PMO - US,Direct Drop,DDP,Air,3/18/2010,3/19/2010,19-Jul-10,29-Jul-10,29-Jul-10,ARV,Adult,CIPLA LIMITED,"Tenofovir Disoproxil Fumarate 300mg, tablets, 30 Tabs",Tenofovir Disoproxil Fumarate,Generic,300mg,Tablet,30,2016,15765.12,7.82,0.26,"Cipla, Goa, India",Yes,136,1881.24,33.99
82877,114-UG-T30,FPQ-5238,SO-36080,DN-1765,Uganda,PMO - US,From RDC,N/A - From RDC,Air,3/2/2010,N/A - From RDC,26-May-10,12-Apr-10,12-Apr-10,ARV,Adult,SCMS from RDC,"Nevirapine 200mg, tablets, 60 Tabs",Nevirapine,Generic,200mg,Tablet,60,5000,13650.0,2.73,0.05,"Aurobindo Unit III, India",Yes,861,7383.9,29.43
85888,104-CI-T30,FPQ-10324,SO-42920,DN-2795,Côte d'Ivoire,PMO - US,From RDC,N/A - From RDC,Air,7/11/2012,N/A - From RDC,21-Aug-12,30-Aug-12,30-Aug-12,ARV,Adult,SCMS from RDC,"Zidovudine 300mg, tablets, 60 Tabs",Zidovudine,Generic,300mg,Tablet,60,9000,60840.0,6.76,0.11,"Aurobindo Unit III, India",Yes,486,3028.66,85.3
10688,106-HT-T01,Pre-PQ Process,SO-2059,DN-733,Haiti,PMO - US,From RDC,N/A - From RDC,Air,Pre-PQ Process,N/A - From RDC,26-May-08,26-May-08,26-May-08,ARV,Adult,SCMS from RDC,"Nevirapine 200mg, tablets, 60 Tabs",Nevirapine,Generic,200mg,Tablet,60,11760,39984.0,3.4,0.06,"Aurobindo Unit III, India",Yes,3820,35933.8,63.97
85974,110-ZM-T30,FPQ-10728,SO-44771,DN-3209,Zambia,PMO - US,From RDC,N/A - From RDC,Truck,10/5/2012,N/A - From RDC,15-Jul-13,23-Jul-13,23-Jul-13,ARV,Adult,SCMS from RDC,"Efavirenz/Emtricitabine/Tenofovir Disoproxil Fumarate 600/200/300mg, tablets, 30 Tabs",Efavirenz/Emtricitabine/Tenofovir Disoproxil Fumarate,Generic,600/200/300mg,Tablet - FDC,30,78787,1021079.52,12.96,0.43,Mylan (formerly Matrix) Nashik,Yes,9347,Freight Included in Commodity Cost,1431.55
27804,106-HT-T30,FPQ-15038,SCMS-262890,ASN-32716,Haiti,PMO - US,Direct Drop,FCA,Air,10/22/2014,1/30/2015,7-Jul-15,7-Jul-15,7-Jul-15,ARV,Adult,ABBVIE LOGISTICS (FORMERLY ABBOTT LOGISTICS BV),"Lopinavir/Ritonavir 200/50mg [Aluvia], tablets, 120 Tabs",Lopinavir/Ritonavir,Aluvia,200/50mg,Tablet,120,6050,111743.5,18.47,0.15,ABBVIE Ludwigshafen Germany,No,See ASN-32716 (ID#:22417),See ASN-32716 (ID#:22417),114.87
36530,109-TZ-T30,FPQ-10994,SCMS-169320,ASN-18202,Tanzania,PMO - US,Direct Drop,EXW,Air,11/13/2012,12/12/2012,28-Feb-13,28-Feb-13,28-Feb-13,HRDT,HIV test,"Trinity Biotech, Plc","HIV 1/2, Uni-Gold HIV Kit, 20 Tests","HIV 1/2, Uni-Gold HIV Kit",Uni-Gold,,Test kit,20,8460,270720.0,32.0,1.6,"Trinity Biotech, Plc",Yes,2770,26281.49,334.88
6914,116-ZA-T01,Pre-PQ Process,SCMS-16600,ASN-1520,South Africa,PMO - US,Direct Drop,DDP,,Pre-PQ Process,1/4/2008,21-Jan-08,4-Jan-08,4-Jan-08,ARV,Pediatric,"JSI R&T INSTITUTE, INC.","Lopinavir/Ritonavir 80/20mg/ml [Kaletra], oral solution, cool, Bottle 5 x 60 ml",Lopinavir/Ritonavir,Kaletra,80/20mg/ml,Oral solution,300,30,1384.5,46.15,0.15,ABBVIE (Abbott) Logis. UK,No,Weight Captured Separately,Freight Included in Commodity Cost,2.22
85864,151-NG-T30,FPQ-9432,SO-42331,DN-2686,Nigeria,PMO - US,From RDC,N/A - From RDC,Air Charter,3/1/2012,N/A - From RDC,2-Aug-12,3-Jun-12,3-Jun-12,ARV,Pediatric,SCMS from RDC,"Efavirenz 200mg, capsule, 90 Caps",Efavirenz,Generic,200mg,Capsule,90,2067,17858.88,8.64,0.1,"Aurobindo Unit III, India",Yes,307,17090,25.04
61416,161-ZA-T30,FPQ-5303,SCMS-68750,ASN-8387,South Africa,PMO - US,Direct Drop,DDP,Air,3/18/2010,3/19/2010,13-Oct-10,27-Oct-10,27-Oct-10,ARV,Adult,CIPLA LIMITED,"Tenofovir Disoproxil Fumarate 300mg, tablets, 30 Tabs",Tenofovir Disoproxil Fumarate,Generic,300mg,Tablet,30,64738,506251.16,7.82,0.26,"Cipla, Goa, India",Yes,4457,3646.13,1091.48
64438,108-VN-T30,FPQ-13976,SCMS-236090,ASN-28220,Vietnam,PMO - US,Direct Drop,FCA,Air,4/8/2014,4/30/2014,29-Oct-14,29-Oct-14,4-Nov-14,ARV,Adult,ABBVIE LOGISTICS (FORMERLY ABBOTT LOGISTICS BV),"Lopinavir/Ritonavir 200/50mg [Aluvia], tablets, 120 Tabs",Lopinavir/Ritonavir,Aluvia,200/50mg,Tablet,120,7000,425740.0,60.82,0.51,ABBVIE Ludwigshafen Germany,Yes,1714,4881.42,437.66
82975,111-MZ-T30,FPQ-7053,SO-38635,DN-2325,Mozambique,PMO - US,From RDC,N/A - From RDC,Truck,1/24/2011,N/A - From RDC,13-Oct-11,13-Oct-11,13-Oct-11,ARV,Adult,SCMS from RDC,"Efavirenz 600mg, tablets, 30 Tabs",Efavirenz,Generic,600mg,Tablet,30,45608,192465.76,4.22,0.14,Hetero Unit III Hyderabad IN,Yes,5406,7664.01,317.57
86095,100-ZM-T30,FPQ-13679,SO-48020,DN-3754,Zambia,PMO - US,From RDC,N/A - From RDC,Truck,2/2/2014,N/A - From RDC,30-Jun-14,4-Jul-14,8-Sep-14,ARV,Adult,SCMS from RDC,"Lamivudine/Tenofovir Disoproxil Fumarate 300/300mg, tablets, 30 Tabs",Lamivudine/Tenofovir Disoproxil Fumarate,Generic,300/300mg,Tablet - FDC,30,29440,138368.0,4.7,0.16,"Aurobindo Unit VII, IN",Yes,2438,5236.92,142.24
60439,116-ZA-T30,FPQ-3596,SCMS-50370,ASN-5460,South Africa,PMO - US,Direct Drop,DDP,Truck,5/7/2009,9/22/2009,29-Oct-09,29-Oct-09,29-Oct-09,ARV,Adult,S. BUYS WHOLESALER,"Zidovudine 300mg, tablets, 60 Tabs",Zidovudine,Generic,300mg,Tablet,60,770,20108.36,26.11,0.44,"Aurobindo Unit III, India",No,Weight Captured Separately,Freight Included in Commodity Cost,39.41
83430,105-GY-T30,FPQ-5599,SO-36700,DN-1838,Guyana,PMO - US,From RDC,N/A - From RDC,Air,4/28/2010,N/A - From RDC,7-Jun-10,27-May-10,27-May-10,ARV,Adult,SCMS from RDC,"Lamivudine 150mg, tablets, 60 Tabs",Lamivudine,Generic,150mg,Tablet,60,126,307.44,2.44,0.04,"Strides, Bangalore, India.",No,See DN-1838 (ID#:82887),See DN-1838 (ID#:82887),0.66
81496,108-VN-T30,FPQ-12539,SCMS-199750,ASN-22800,Vietnam,PMO - US,Direct Drop,EXW,Air,7/11/2013,7/25/2013,13-Dec-13,13-Dec-13,13-Dec-13,ARV,Adult,CIPLA LIMITED,"Lamivudine/Nevirapine/Zidovudine 150/200/300mg, tablets, 60 Tabs",Lamivudine/Nevirapine/Zidovudine,Generic,150/300/200mg,Tablet - FDC,60,6238,50527.8,8.1,0.13,"Cipla, Goa, India",Yes,866,1464.24,62.5
11684,151-NG-T01,Pre-PQ Process,SO-33335,DN-1436,Nigeria,PMO - US,From RDC,N/A - From RDC,Air Charter,Date Not Captured,N/A - From RDC,20-Oct-09,20-Oct-09,20-Oct-09,ARV,Adult,SCMS from RDC,"Lamivudine/Nevirapine/Zidovudine 150/200/300mg, tablets, 60 Tabs",Lamivudine/Nevirapine/Zidovudine,Generic,150/300/200mg,Tablet - FDC,60,5060,57684.0,11.4,0.19,"Aurobindo Unit III, India",Yes,570,9341.49,113.06
12293,102-KE-T01,Pre-PQ Process,SO-27850,DN-1275,Kenya,PMO - US,From RDC,N/A - From RDC,Air,Pre-PQ Process,N/A - From RDC,28-May-09,28-May-09,28-May-09,HRDT,HIV test,SCMS from RDC,"HIV 1/2, Uni-Gold HIV Kit, 20 Tests","HIV 1/2, Uni-Gold HIV Kit",Uni-Gold,,Test kit,20,2500,80000.0,32.0,1.6,"Trinity Biotech, Plc",Yes,Weight Captured Separately,Invoiced Separately,156.8
11484,104-CI-T01,Pre-PQ Process,SO-1101,DN-434,Côte d'Ivoire,PMO - US,From RDC,N/A - From RDC,Air,Pre-PQ Process,N/A - From RDC,22-Nov-07,22-Nov-07,22-Nov-07,ARV,Adult,SCMS from RDC,"Abacavir/Lamivudine/Zidovudine 300/150/300mg [Trizivir], tablets, 60 Tabs",Abacavir/Lamivudine/Zidovudine,Trizivir,300/150/300mg,Tablet - FDC,60,1873,83348.5,44.5,0.74,GSK Ware (UK),No,See DN-434 (ID#:11483),See DN-434 (ID#:11483),133.36
74771,116-ZA-T30,FPQ-11828,SCMS-183950,ASN-19166,South Africa,South Africa Field Office,Direct Drop,DDP,Truck,3/18/2013,Date Not Captured,16-Apr-13,16-Apr-13,16-Apr-13,ARV,Adult,S. BUYS WHOLESALER,"Lamivudine 150mg [Epivir], tablets, 60 Tabs",Lamivudine,Epivir,150mg,Tablet,60,19284,144614.29,7.5,0.12,GSK Ware (UK),No,Weight Captured Separately,Freight Included in Commodity Cost,178.89
3880,108-VN-T01,Pre-PQ Process,SCMS-46540,ASN-4487,Vietnam,PMO - US,Direct Drop,CIP,Air,Pre-PQ Process,5/27/2009,23-Jul-09,23-Jul-09,23-Jul-09,ARV,Pediatric,BRISTOL-MYERS SQUIBB,"Didanosine 25mg [Videx], chewable tablets, 60 Tabs",Didanosine,Videx,25mg,Chewable/dispersible tablet,60,120,840.0,7.0,0.12,"BMS Meymac, France",Yes,Weight Captured Separately,Freight Included in Commodity Cost,1.65
50109,116-ZA-T30,FPQ-12522,SCMS-199283,ASN-27978,South Africa,PMO - US,Direct Drop,DDP,Truck,7/11/2013,8/27/2014,27-Aug-14,27-Aug-14,27-Aug-14,ARV,Adult,S. BUYS WHOLESALER,"Didanosine 250mg, delayed-release capsules, 30 Caps",Didanosine,Generic,250mg,Delayed-release capsules,30,8,136.19,17.02,0.57,"Aurobindo Unit III, India",No,Weight Captured Separately,Freight Included in Commodity Cost,0.17
12017,114-UG-T01,Pre-PQ Process,SO-34000,DN-1489,Uganda,PMO - US,From RDC,N/A - From RDC,Air,Date Not Captured,N/A - From RDC,29-Oct-09,29-Oct-09,29-Oct-09,ARV,Adult,SCMS from RDC,"Stavudine 30mg, capsules, 60 Caps",Stavudine,Generic,30mg,Capsule,60,300,438.0,1.46,0.02,"Aurobindo Unit III, India",Yes,20,667.17,0.94
85200,113-ZW-T30,FPQ-7052,SO-38512,DN-2343,Zimbabwe,PMO - US,From RDC,N/A - From RDC,Truck,1/19/2011,N/A - From RDC,30-Sep-11,7-Oct-11,7-Oct-11,ARV,Adult,SCMS from RDC,"Lamivudine/Nevirapine/Stavudine 150/200/30mg, tablets, 60 Tabs",Lamivudine/Nevirapine/Stavudine,Generic,150/200/30mg,Tablet - FDC,60,9226,49635.88,5.38,0.09,"Cipla, Goa, India",No,See DN-2343 (ID#:82977),See DN-2343 (ID#:82977),81.9
82540,102-ZW-T30,FPQ-9927,SO-42290,DN-2988,Zimbabwe,PMO - US,From RDC,N/A - From RDC,Truck,5/15/2012,N/A - From RDC,11-Feb-13,11-Feb-13,11-Feb-13,ARV,Adult,SCMS from RDC,"Lamivudine/Zidovudine 150/300mg, tablets, 60 Tabs",Lamivudine/Zidovudine,Generic,150/300mg,Tablet - FDC,60,7867,57193.09,7.27,0.12,"Cipla, Goa, India",Yes,704,25568,80.18
84625,113-ZW-T30,FPQ-6470,SO-38830,DN-2128,Zimbabwe,PMO - US,From RDC,N/A - From RDC,Truck,10/13/2010,N/A - From RDC,31-Mar-11,18-Mar-11,18-Mar-11,ARV,Adult,SCMS from RDC,"Lamivudine/Stavudine 150/30mg, tablets, 60 Tabs",Lamivudine/Stavudine,Generic,150/30mg,Tablet - FDC,60,1883,6025.6,3.2,0.05,"Cipla, Goa, India",No,See DN-2128 (ID#:84624),See DN-2128 (ID#:84624),12.99
84792,106-HT-T30,FPQ-11526,SO-44450,DN-3043,Haiti,PMO - US,From RDC,N/A - From RDC,Air,1/30/2013,N/A - From RDC,30-Apr-13,15-Mar-13,15-Mar-13,ARV,Adult,SCMS from RDC,"Stavudine 15mg, capsules, 60 Caps",Stavudine,Generic,15mg,Capsule,60,216,285.12,1.32,0.02,"Aurobindo Unit III, India",Yes,165,3048.08,0.35
11767,104-CI-T01,Pre-PQ Process,SO-959,DN-320,Côte d'Ivoire,PMO - US,From RDC,N/A - From RDC,,Pre-PQ Process,N/A - From RDC,30-Aug-07,30-Aug-07,30-Aug-07,ARV,Adult,SCMS from RDC,"Zidovudine 300mg, tablets, 60 Tabs",Zidovudine,Generic,300mg,Tablet,60,7586,61825.9,8.15,0.14,"Aurobindo Unit III, India",No,See DN-320 (ID#:10593),See DN-320 (ID#:10593),98.92
82626,103-ZW-T30,FPQ-12086,SO-45130,DN-3457,Zimbabwe,PMO - US,From RDC,N/A - From RDC,Truck,4/19/2013,N/A - From RDC,31-Jan-14,13-Jan-14,23-Jan-14,ARV,Pediatric,SCMS from RDC,"Lamivudine/Nevirapine/Zidovudine 30/50/60mg, dispersible tablets, 60 Tabs",Lamivudine/Nevirapine/Zidovudine,Generic,30/50/60mg,Chewable/dispersible tablet - FDC,60,92045,358055.05,3.89,0.06,"Strides, Bangalore, India.",Yes,5103,11604.57,442.91
83674,114-UG-T30,FPQ-11143,SO-43951,DN-3119,Uganda,PMO - US,From RDC,N/A - From RDC,Truck,12/13/2012,N/A - From RDC,8-May-13,9-May-13,9-May-13,ARV,Adult,SCMS from RDC,"Lamivudine/Nevirapine/Zidovudine 150/200/300mg, tablets, 60 Tabs",Lamivudine/Nevirapine/Zidovudine,Generic,150/300/200mg,Tablet - FDC,60,15795,135521.1,8.58,0.14,Hetero Unit III Hyderabad IN,Yes,2234,6582.95,167.64
12485,110-ZM-T01,Pre-PQ Process,SO-1992,DN-689,Zambia,PMO - US,From RDC,N/A - From RDC,Air,Pre-PQ Process,N/A - From RDC,3-Apr-08,3-Apr-08,3-Apr-08,ARV,Adult,SCMS from RDC,"Lamivudine/Zidovudine 150/300mg, tablets, 60 Tabs",Lamivudine/Zidovudine,Generic,150/300mg,Tablet - FDC,60,6597,62671.5,9.5,0.16,"Aurobindo Unit III, India",Yes,617,2891.6,100.27
26260,102-BI-T30,FPQ-15492,SCMS-269300,ASN-32092,Burundi,PMO - US,Direct Drop,EXW,Air,12/4/2014,1/26/2015,7-Jul-15,7-Jul-15,8-Jul-15,HRDT,HIV test,"Orgenics, Ltd","HIV 1/2, Determine Complete HIV Kit, 100 Tests","HIV 1/2, Determine Complete HIV Kit",Determine,,Test kit,100,1582,126560.0,80.0,0.8,"Alere Medical Co., Ltd.",Yes,Weight Captured Separately,Invoiced Separately,148.96
86480,151-NG-T30,FPQ-9432,SO-42333,DN-2688,Nigeria,PMO - US,From RDC,N/A - From RDC,Air Charter,3/1/2012,N/A - From RDC,2-Aug-12,9-Jul-12,9-Jul-12,ARV,Adult,SCMS from RDC,"Lopinavir/Ritonavir 200/50mg, tablets, 120 Tabs",Lopinavir/Ritonavir,Generic,200/50mg,Tablet,120,24470,726269.6,29.68,0.25,"Aurobindo Unit III, India",Yes,6808,21347.12,1018.23
83970,114-UG-T30,FPQ-4497,SO-34810,DN-1595,Uganda,PMO - US,From RDC,N/A - From RDC,Air,10/28/2009,N/A - From RDC,3-Feb-10,23-Dec-09,23-Dec-09,ARV,Adult,SCMS from RDC,"Stavudine 30mg, capsules, 60 Caps",Stavudine,Generic,30mg,Capsule,60,100,146.0,1.46,0.02,"Aurobindo Unit III, India",Yes,7,523.64,0.31
35352,107-RW-T30,FPQ-8365,SCMS-126490,ASN-14125,Rwanda,PMO - US,Direct Drop,EXW,Air,10/26/2011,11/9/2011,30-Mar-12,30-Mar-12,30-Mar-12,ARV,Adult,Aurobindo Pharma Limited,"Didanosine 250mg, delayed-release capsules, 30 Caps",Didanosine,Generic,250mg,Delayed-release capsules,30,1185,15405.0,13.0,0.43,"Aurobindo Unit III, India",No,See ASN-14125 (ID#:22658),See ASN-14125 (ID#:22658),25.42
77136,109-TZ-T30,FPQ-12050,SCMS-186900,ASN-19907,Tanzania,PMO - US,Direct Drop,FCA,Air,4/12/2013,5/8/2013,1-Aug-13,1-Aug-13,1-Aug-13,ARV,Pediatric,ABBVIE LOGISTICS (FORMERLY ABBOTT LOGISTICS BV),"Lopinavir/Ritonavir 80/20mg/ml [Kaletra], oral solution, cool, Bottle 5 x 60 ml",Lopinavir/Ritonavir,Kaletra,80/20mg/ml,Oral solution,300,435,13406.7,30.82,0.1,ABBVIE (Abbott) Logis. UK,Yes,470,4267.13,16.58
3292,133-NG-T01,Pre-PQ Process,SCMS-27050,ASN-2572,Nigeria,PMO - US,Direct Drop,EXW,Air,Pre-PQ Process,7/18/2008,7-Nov-08,21-Oct-08,21-Oct-08,HRDT,HIV test,"CHEMBIO DIAGNOSTIC SYSTEMS, INC.","HIV 1/2, Stat-Pak HIV, Kit, 20 Tests","HIV 1/2, Stat-Pak HIV, Kit",Stat-Pak,,Test kit,20,12315,332505.0,27.0,1.35,Chembio Diagnostics Sys. Inc.,Yes,3508,29954.15,532.01
23939,161-ZA-T30,FPQ-7175,SCMS-103370,ASN-12256,South Africa,PMO - US,Direct Drop,DDP,Ocean,3/10/2011,3/24/2011,8-Nov-11,8-Nov-11,8-Nov-11,ARV,Adult,Aurobindo Pharma Limited,"Efavirenz 600mg, tablets, 30 Tabs",Efavirenz,Generic,600mg,Tablet,30,249500,1125245.0,4.51,0.15,"Aurobindo Unit III, India",Yes,21205,25129.15,1856.65
66338,116-ZA-T30,FPQ-11828,SCMS-183950,ASN-19166,South Africa,South Africa Field Office,Direct Drop,DDP,Truck,3/18/2013,Date Not Captured,16-Apr-13,16-Apr-13,16-Apr-13,ARV,Pediatric,S. BUYS WHOLESALER,"Zidovudine 10mg/ml, oral solution, Bottle, 240 ml",Zidovudine,Generic,10mg/ml,Oral solution,240,145,1173.68,8.09,0.03,"Aurobindo Unit III, India",No,Weight Captured Separately,Freight Included in Commodity Cost,1.45
1183,108-VN-T01,Pre-PQ Process,SCMS-45080,ASN-4420,Vietnam,PMO - US,Direct Drop,EXW,Air,Pre-PQ Process,4/29/2009,10-Jul-09,10-Jul-09,10-Jul-09,ARV,Adult,Aurobindo Pharma Limited,"Lamivudine/Nevirapine/Zidovudine 150/200/300mg, tablets, 60 Tabs",Lamivudine/Nevirapine/Zidovudine,Generic,150/300/200mg,Tablet - FDC,60,3500,39025.0,11.15,0.19,"Aurobindo Unit III, India",Yes,1804,6341.88,76.49
83405,104-CI-T30,FPQ-4378,SO-34412,DN-1671,Côte d'Ivoire,PMO - US,From RDC,N/A - From RDC,Air,10/15/2009,N/A - From RDC,9-Mar-10,10-Mar-10,10-Mar-10,ARV,Adult,SCMS from RDC,"Lamivudine/Stavudine 150/30mg, tablets, 60 Tabs",Lamivudine/Stavudine,Generic,150/30mg,Tablet - FDC,60,11060,37604.0,3.4,0.06,"Strides, Bangalore, India.",No,See DN-1671 (ID#:82863),See DN-1671 (ID#:82863),73.7
4456,108-VN-T01,Pre-PQ Process,SCMS-23310,ASN-2486,Vietnam,PMO - US,Direct Drop,EXW,Air,Pre-PQ Process,5/14/2008,11-Oct-08,11-Oct-08,11-Oct-08,ARV,Adult,CIPLA LIMITED,"Lamivudine/Nevirapine/Stavudine 150/200/30mg, tablets, 60 Tabs",Lamivudine/Nevirapine/Stavudine,Generic,150/200/30mg,Tablet - FDC,60,15360,113664.0,7.4,0.12,"Cipla, Goa, India",Yes,1360,5412.14,181.86
61694,116-ZA-T30,FPQ-13973,SCMS-238551,ASN-26882,South Africa,PMO - US,Direct Drop,DDP,Truck,4/30/2014,6/25/2014,25-Jun-14,25-Jun-14,25-Jun-14,ARV,Pediatric,PHARMACY DIRECT,"Lamivudine 10mg/ml, oral solution, Bottle, 240 ml",Lamivudine,Generic,10mg/ml,Oral solution,240,6,42.91,7.15,0.03,"Aurobindo Unit III, India",No,Weight Captured Separately,Freight Included in Commodity Cost,0.04
34184,108-VN-T30,FPQ-6818,SCMS-98170,ASN-10617,Vietnam,PMO - US,Direct Drop,FCA,Air,1/17/2011,2/9/2011,10-May-11,10-May-11,10-May-11,ARV,Adult,ABBVIE LOGISTICS (FORMERLY ABBOTT LOGISTICS BV),"Ritonavir 100mg [Norvir], capsules, cool, 4 x 84 Caps",Ritonavir,Norvir,100mg,Capsule,336,36,7434.36,206.51,0.61,ABBVIE (Abbott) Logis. UK,Yes,111,7300.68,12.27
12341,111-MZ-T01,Pre-PQ Process,SO-293,DN-44,Mozambique,PMO - US,From RDC,N/A - From RDC,Air,Pre-PQ Process,N/A - From RDC,17-Apr-07,17-Apr-07,17-Apr-07,ARV,Adult,SCMS from RDC,"Efavirenz 600mg, tablets, 30 Tabs",Efavirenz,Generic,600mg,Tablet,30,23035,385836.25,16.75,0.56,"Aurobindo Unit III, India",No,See DN-44 (ID#:10549),See DN-44 (ID#:10549),
85158,151-NG-T30,FPQ-5688,SO-37500,DN-2025,Nigeria,PMO - US,From RDC,N/A - From RDC,Air,5/27/2010,N/A - From RDC,22-Oct-10,10-Nov-10,10-Nov-10,ARV,Adult,SCMS from RDC,"Lamivudine/Tenofovir Disoproxil Fumarate 300/300mg, tablets, 30 Tabs",Lamivudine/Tenofovir Disoproxil Fumarate,Generic,300/300mg,Tablet - FDC,30,21400,206082.0,9.63,0.32,Mylan (formerly Matrix) Nashik,No,See DN-2025 (ID#:83460),See DN-2025 (ID#:83460),444.31
83040,102-CD-T30,FPQ-9640,SO-41860,DN-2678,"Congo, DRC",PMO - US,From RDC,N/A - From RDC,Air,4/2/2012,N/A - From RDC,3-Sep-12,3-Sep-12,3-Sep-12,ARV,Adult,SCMS from RDC,"Lamivudine/Nevirapine/Zidovudine 150/200/300mg, tablets, 60 Tabs",Lamivudine/Nevirapine/Zidovudine,Generic,150/300/200mg,Tablet - FDC,60,2000,20580.0,10.29,0.17,Mylan (formerly Matrix) Nashik,Yes,274,2371.06,28.85
60547,117-ET-T30,FPQ-9209,SCMS-134710,ASN-14556,Ethiopia,PMO - US,Direct Drop,EXW,Air,1/18/2012,1/23/2012,26-Apr-12,26-Apr-12,26-Apr-12,HRDT,HIV test,"Trinity Biotech, Plc","HIV 1/2, Uni-Gold HIV Kit, 20 Tests","HIV 1/2, Uni-Gold HIV Kit",Uni-Gold,,Test kit,20,24,768.0,32.0,1.6,"Trinity Biotech, Plc",Yes,8,315.44,1.08
41784,116-ZA-T30,FPQ-11828,SCMS-183950,ASN-19166,South Africa,South Africa Field Office,Direct Drop,DDP,Truck,3/18/2013,Date Not Captured,16-Apr-13,16-Apr-13,16-Apr-13,ARV,Adult,S. BUYS WHOLESALER,"Lamivudine/Zidovudine 150/300mg [Combivir], tablets, 60 Tabs",Lamivudine/Zidovudine,Combivir,150/300mg,Tablet - FDC,60,7,117.6,16.8,0.28,"GSK, U1, Poznan, Poland",No,Weight Captured Separately,Freight Included in Commodity Cost,0.15
9041,116-ZA-T01,Pre-PQ Process,SCMS-41190,ASN-3732,South Africa,PMO - US,Direct Drop,DDP,Air,Pre-PQ Process,Date Not Captured,30-Mar-09,21-Jan-09,21-Jan-09,ARV,Adult,S. BUYS WHOLESALER,"Emtricitabine/Tenofovir Disoproxil Fumarate 200/300mg [Truvada], tablets, 30 Tabs",Emtricitabine/Tenofovir Disoproxil Fumarate,Truvada,300/200mg,Tablet - FDC,30,60,1813.2,30.22,1.01,"Aspen-OSD, Port Elizabeth, SA",No,Weight Captured Separately,Freight Included in Commodity Cost,3.55
85931,151-NG-T30,FPQ-10477,SO-43045,DN-2997,Nigeria,PMO - US,From RDC,N/A - From RDC,Air Charter,8/9/2012,N/A - From RDC,11-Feb-13,11-Feb-13,11-Feb-13,ARV,Adult,SCMS from RDC,"Lamivudine/Zidovudine 150/300mg, tablets, 60 Tabs",Lamivudine/Zidovudine,Generic,150/300mg,Tablet - FDC,60,44383,322664.41,7.27,0.12,Mylan (formerly Matrix) Nashik,No,See DN-2997 (ID#:85328),See DN-2997 (ID#:85328),452.38
50758,109-TZ-T30,FPQ-4157,SCMS-52770,ASN-5791,Tanzania,PMO - US,Direct Drop,EXW,Air,8/27/2009,9/3/2009,10-Feb-10,10-Feb-10,10-Feb-10,HRDT,HIV test,"Standard Diagnostics, Inc.","HIV 1/2, Bioline 3.0 Kit, (no accessories), 30 Tests","HIV 1/2, Bioline 3.0 Kit (no accessories)",Bioline,,Test kit,30,11990,287760.0,24.0,0.8,"Standard Diagnostics, Korea",Yes,3997,28620.81,564.01
84512,114-UG-T30,FPQ-4454,SO-34280,DN-1540,Uganda,PMO - US,From RDC,N/A - From RDC,Air,9/25/2009,N/A - From RDC,7-Dec-09,2-Dec-09,2-Dec-09,ARV,Adult,SCMS from RDC,"Nevirapine 200mg, tablets, 60 Tabs",Nevirapine,Generic,200mg,Tablet,60,1300,3770.0,2.9,0.05,"Aurobindo Unit III, India",Yes,125,2697.65,7.39
10572,104-CI-T01,Pre-PQ Process,SO-618,DN-164,Côte d'Ivoire,PMO - US,From RDC,N/A - From RDC,,Pre-PQ Process,N/A - From RDC,8-Jun-07,8-Jun-07,8-Jun-07,ARV,Adult,SCMS from RDC,"Zidovudine 300mg, tablets, 60 Tabs",Zidovudine,Generic,300mg,Tablet,60,1926,16409.52,8.52,0.14,"Ranbaxy, Paonta Shahib, India",Yes,105,977.55,
24384,114-UG-T30,FPQ-10788,SCMS-162740,ASN-17430,Uganda,PMO - US,Direct Drop,DAP,Air,10/10/2012,10/25/2012,14-Dec-12,14-Dec-12,14-Dec-12,ARV,Adult,ASPEN PHARMACARE,"Darunavir 300mg [Prezista], tablets, 120 Tabs",Darunavir,Prezista,300mg,Tablet,120,288,19180.8,66.6,0.55,"Aspen-OSD, Port Elizabeth, SA",Yes,94,1061,23.73
49071,116-ZA-T30,FPQ-14942,SCMS-259075,ASN-32138,South Africa,PMO - US,Direct Drop,DDP,Truck,9/11/2014,5/11/2015,12-May-15,12-May-15,12-May-15,ARV,Pediatric,PHARMACY DIRECT,"Atazanavir 150mg [Reyataz], capsules, 60 Caps",Atazanavir,Reyataz,150mg,Capsule,60,3,47.7,15.9,0.26,"BMS Evansville, US",No,Weight Captured Separately,Freight Included in Commodity Cost,0.05
86121,111-MZ-T30,FPQ-13123,SO-47080,DN-3828,Mozambique,PMO - US,From RDC,N/A - From RDC,Truck,10/21/2013,N/A - From RDC,29-Aug-14,5-Nov-14,7-Nov-14,ARV,Adult,SCMS from RDC,"Lamivudine/Zidovudine 150/300mg, tablets, 60 Tabs",Lamivudine/Zidovudine,Generic,150/300mg,Tablet - FDC,60,90472,589877.44,6.52,0.11,"Aurobindo Unit III, India",No,See DN-3828 (ID#:82713),See DN-3828 (ID#:82713),606.39
12531,132-NG-T01,Pre-PQ Process,SO-2681,DN-843,Nigeria,PMO - US,From RDC,N/A - From RDC,Air,Pre-PQ Process,N/A - From RDC,28-Jul-08,28-Jul-08,28-Jul-08,ARV,Adult,SCMS from RDC,"Emtricitabine/Tenofovir Disoproxil Fumarate 200/300mg [Truvada], tablets, 30 Tabs",Emtricitabine/Tenofovir Disoproxil Fumarate,Truvada,300/200mg,Tablet - FDC,30,15000,393750.0,26.25,0.88,"Aspen-OSD, Port Elizabeth, SA",Yes,1309,7463.74,630.0
32094,108-VN-T30,FPQ-4720,SCMS-62470,ASN-6341,Vietnam,PMO - US,Direct Drop,EXW,Air,1/4/2009,1/12/2010,1-Apr-10,1-Apr-10,1-Apr-10,ARV,Adult,MYLAN LABORATORIES LTD (FORMERLY MATRIX LABORATORIES),"Efavirenz 600mg, tablets, 30 Tabs",Efavirenz,Generic,600mg,Tablet,30,23520,105604.8,4.49,0.15,Mylan (formerly Matrix) Nashik,No,See ASN-6341 (ID#:29298),See ASN-6341 (ID#:29298),227.68
51175,133-NG-T30,FPQ-4891,SCMS-64780,ASN-6619,Nigeria,PMO - US,Direct Drop,EXW,Air,1/15/2010,2/5/2010,5-May-10,5-May-10,5-May-10,HRDT,HIV test,"Orgenics, Ltd","HIV 1/2, Determine Complete HIV Kit, 100 Tests","HIV 1/2, Determine Complete HIV Kit",Determine,,Test kit,100,2685,214800.0,80.0,0.8,Inverness Japan,Yes,1284,21821.97,463.11
85409,110-ZM-T30,FPQ-12066,SO-45092,DN-3362,Zambia,PMO - US,From RDC,N/A - From RDC,Truck,4/19/2013,N/A - From RDC,29-Nov-13,29-Nov-13,12-Dec-13,ARV,Adult,SCMS from RDC,"Nevirapine 200mg, tablets, 60 Tabs",Nevirapine,Generic,200mg,Tablet,60,80000,180800.0,2.26,0.04,"Micro labs, Verna, Goa, India",Yes,6502,13300.01,223.65
11260,130-NG-T01,Pre-PQ Process,SO-2501,DN-730,Nigeria,PMO - US,From RDC,N/A - From RDC,Air,Pre-PQ Process,N/A - From RDC,26-May-08,26-May-08,26-May-08,ARV,Adult,SCMS from RDC,"Lamivudine/Zidovudine 150/300mg, tablets, 60 Tabs",Lamivudine/Zidovudine,Generic,150/300mg,Tablet - FDC,60,1887,17832.15,9.45,0.16,"Aurobindo Unit III, India",Yes,273,2446.58,28.53
11528,110-ZM-T01,Pre-PQ Process,SO-1807,DN-822,Zambia,PMO - US,From RDC,N/A - From RDC,Truck,Pre-PQ Process,N/A - From RDC,29-Jul-08,29-Jul-08,29-Jul-08,ARV,Adult,SCMS from RDC,"Efavirenz 600mg, tablets, 30 Tabs",Efavirenz,Generic,600mg,Tablet,30,50000,600500.0,12.01,0.4,Mylan (formerly Matrix) Nashik,Yes,3882,5468.93,960.8
83739,110-ZM-T30,FPQ-12066,SO-45080,DN-3432,Zambia,PMO - US,From RDC,N/A - From RDC,Truck,4/19/2013,N/A - From RDC,24-Jan-14,24-Jan-14,31-Jan-14,ARV,Adult,SCMS from RDC,"Efavirenz/Emtricitabine/Tenofovir Disoproxil Fumarate 600/200/300mg, tablets, 30 Tabs",Efavirenz/Emtricitabine/Tenofovir Disoproxil Fumarate,Generic,600/200/300mg,Tablet - FDC,30,269030,3309069.0,12.3,0.41,"Aurobindo Unit VII, IN",Yes,30923,34019.61,4093.32
82910,104-CI-T30,FPQ-5201,SO-36311,DN-1982,Côte d'Ivoire,PMO - US,From RDC,N/A - From RDC,Air,3/3/2010,N/A - From RDC,23-Aug-10,23-Aug-10,23-Aug-10,ARV,Adult,SCMS from RDC,"Emtricitabine/Tenofovir Disoproxil Fumarate 200/300mg [Truvada], tablets, 30 Tabs",Emtricitabine/Tenofovir Disoproxil Fumarate,Truvada,300/200mg,Tablet - FDC,30,2000,52500.0,26.25,0.88,"Aspen-OSD, Port Elizabeth, SA",Yes,6991,12648.36,113.19
39966,119-NA-T30,FPQ-4398,SCMS-54910,ASN-5952,Namibia,PMO - US,Direct Drop,EXW,Air,10/7/2009,10/13/2009,12-Feb-10,12-Feb-10,12-Feb-10,HRDT,HIV test,"Trinity Biotech, Plc","HIV 1/2, Uni-Gold HIV Kit, 20 Tests","HIV 1/2, Uni-Gold HIV Kit",Uni-Gold,,Test kit,20,1400,44800.0,32.0,1.6,"Trinity Biotech, Plc",Yes,500,5061.46,96.59
85237,104-CI-T30,FPQ-8787,SO-41160,DN-2552,Côte d'Ivoire,PMO - US,From RDC,N/A - From RDC,Air,11/11/2011,N/A - From RDC,19-Mar-12,24-Feb-12,24-Feb-12,ARV,Adult,SCMS from RDC,"Efavirenz 600mg, tablets, 30 Tabs",Efavirenz,Generic,600mg,Tablet,30,47614,196169.68,4.12,0.14,"Strides, Bangalore, India.",Yes,3453,9657.88,275.03
84751,114-UG-T30,FPQ-9875,SO-42052,DN-2830,Uganda,PMO - US,From RDC,N/A - From RDC,Air,5/9/2012,N/A - From RDC,18-Oct-12,18-Oct-12,18-Oct-12,ARV,Adult,SCMS from RDC,"Nevirapine 200mg, tablets, 60 Tabs",Nevirapine,Generic,200mg,Tablet,60,635,1549.4,2.44,0.04,"Strides, Bangalore, India.",Yes,1779,9325.16,2.17
22222,116-ZA-T30,FPQ-14942,SCMS-259071,ASN-29597,South Africa,PMO - US,Direct Drop,DDP,Truck,9/11/2014,11/28/2014,28-Nov-14,28-Nov-14,28-Nov-14,ARV,Adult,PHARMACY DIRECT,"Lamivudine/Zidovudine 150/300mg, tablets, 60 Tabs",Lamivudine/Zidovudine,Generic,150/300mg,Tablet - FDC,60,18,405.71,22.54,0.38,"Aurobindo Unit III, India",No,Weight Captured Separately,Freight Included in Commodity Cost,0.42
78526,900-CM-T30,FPQ-10654,SCMS-161700,ASN-16882,Cameroon,PMO - US,Direct Drop,EXW,Air,9/20/2012,10/5/2012,2-Dec-12,2-Dec-12,2-Dec-12,ARV,Adult,CIPLA LIMITED,"Lamivudine/Nevirapine/Zidovudine 150/200/300mg, tablets, 60 Tabs",Lamivudine/Nevirapine/Zidovudine,Generic,150/300/200mg,Tablet - FDC,60,62219,520773.03,8.37,0.14,"Cipla, Goa, India",Yes,8297,60840.32,730.12
11991,114-UG-T01,Pre-PQ Process,SO-32120,DN-1303,Uganda,PMO - US,From RDC,N/A - From RDC,Air,Date Not Captured,N/A - From RDC,14-Aug-09,14-Aug-09,14-Aug-09,ARV,Adult,SCMS from RDC,"Lamivudine/Zidovudine 150/300mg, tablets, 60 Tabs",Lamivudine/Zidovudine,Generic,150/300mg,Tablet - FDC,60,14479,97878.04,6.76,0.11,"Aurobindo Unit III, India",No,See DN-1303 (ID#:11661),See DN-1303 (ID#:11661),191.84
85371,110-ZM-T30,FPQ-11032,SO-43831,DN-3204,Zambia,PMO - US,From RDC,N/A - From RDC,Truck,11/28/2012,N/A - From RDC,23-Jul-13,6-Aug-13,6-Aug-13,ARV,Adult,SCMS from RDC,"Efavirenz/Emtricitabine/Tenofovir Disoproxil Fumarate 600/200/300mg, tablets, 30 Tabs",Efavirenz/Emtricitabine/Tenofovir Disoproxil Fumarate,Generic,600/200/300mg,Tablet - FDC,30,53787,697079.52,12.96,0.43,"Cipla, Goa, India",Yes,6342,42040.3,862.29
3897,116-ZA-T01,Pre-PQ Process,SCMS-47051,ASN-4836,South Africa,PMO - US,Direct Drop,DDP,Truck,Pre-PQ Process,6/5/2009,12-Oct-09,28-Jul-09,28-Jul-09,ARV,Pediatric,S. BUYS WHOLESALER,"Nevirapine 10mg/ml, oral suspension, Bottle, 240 ml",Nevirapine,Generic,10mg/ml,Oral suspension,240,30,328.2,10.94,0.05,"Aurobindo Unit III, India",No,Weight Captured Separately,Freight Included in Commodity Cost,0.64
82335,117-ET-T30,FPQ-5827,SO-37070,DN-1907,Ethiopia,PMO - US,From RDC,N/A - From RDC,Air,6/9/2010,N/A - From RDC,15-Jul-10,8-Jul-10,8-Jul-10,ARV,Adult,SCMS from RDC,"Zidovudine 300mg, tablets, 60 Tabs",Zidovudine,Generic,300mg,Tablet,60,2000,14420.0,7.21,0.12,"Aurobindo Unit III, India",Yes,88,755.64,31.09
86248,111-MZ-T30,FPQ-4471,SO-33600,DN-1587,Mozambique,PMO - US,From RDC,N/A - From RDC,Air,9/14/2009,N/A - From RDC,26-Feb-10,16-Jan-10,16-Jan-10,ARV,Adult,SCMS from RDC,"Lamivudine/Zidovudine 150/300mg, tablets, 60 Tabs",Lamivudine/Zidovudine,Generic,150/300mg,Tablet - FDC,60,30564,267740.64,8.76,0.15,"Aurobindo Unit III, India",Yes,2773,6355.08,524.77
83670,106-HT-T30,FPQ-11281,SO-44421,DN-3091,Haiti,PMO - US,From RDC,N/A - From RDC,Air,1/16/2013,N/A - From RDC,23-Apr-13,2-Apr-13,2-Apr-13,ARV,Adult,SCMS from RDC,"Efavirenz/Lamivudine/Tenofovir Disoproxil Fumarate 600/300/300mg, tablets, 30 Tabs",Efavirenz/Lamivudine/Tenofovir Disoproxil Fumarate,Generic,600/300/300mg,Tablet - FDC,30,22000,266420.0,12.11,0.4,Mylan (formerly Matrix) Nashik,Yes,2435,25984.75,329.56
43628,144-BW-T30,FPQ-4487,SCMS-57520,ASN-7210,Botswana,PMO - US,Direct Drop,EXW,Air,11/2/2009,11/13/2009,13-Sep-10,13-Sep-10,13-Sep-10,HRDT,HIV test - Ancillary,"Trinity Biotech, Plc","#109436**HIV 1, Uni-Gold Recombigen HIV Control, Vial 2 x 0.5 ml","HIV 1, Uni-Gold Recombigen HIV Control, Vial 2 x 0.5 ml",Uni-Gold,,Test kit - Ancillary,2,15,465.0,31.0,15.5,"Trinity Biotech, Plc",Yes,5,592.46,1.0
34380,116-ZA-T30,FPQ-12523,SCMS-199315,ASN-27209,South Africa,PMO - US,Direct Drop,DDP,Truck,7/12/2013,7/11/2014,11-Jul-14,11-Jul-14,11-Jul-14,ARV,Pediatric,S. BUYS WHOLESALER,"Atazanavir 150mg [Reyataz], capsules, 60 Caps",Atazanavir,Reyataz,150mg,Capsule,60,2,51.37,25.68,0.43,"BMS Evansville, US",Yes,Weight Captured Separately,Freight Included in Commodity Cost,0.06
11692,151-NG-T01,Pre-PQ Process,SO-33333,DN-1483,Nigeria,PMO - US,From RDC,N/A - From RDC,Air,Date Not Captured,N/A - From RDC,18-Dec-09,18-Dec-09,18-Dec-09,ARV,Adult,SCMS from RDC,"Lamivudine/Nevirapine/Zidovudine 150/200/300mg, tablets, 60 Tabs",Lamivudine/Nevirapine/Zidovudine,Generic,150/300/200mg,Tablet - FDC,60,60840,693576.0,11.4,0.19,Mylan (formerly Matrix) Nashik,Yes,7663,33279.39,1495.35
12290,123-NG-T01,Pre-PQ Process,SO-24482,DN-1263,Nigeria,PMO - US,From RDC,N/A - From RDC,Air Charter,Pre-PQ Process,N/A - From RDC,16-Jun-09,16-Jun-09,16-Jun-09,ARV,Adult,SCMS from RDC,"Lamivudine/Nevirapine/Stavudine 150/200/30mg, tablets, 60 Tabs",Lamivudine/Nevirapine/Stavudine,Generic,150/200/30mg,Tablet - FDC,60,3235,23033.2,7.12,0.12,"Cipla, Goa, India",No,See DN-1263 (ID#:11053),See DN-1263 (ID#:11053),45.15
83645,113-ZW-T30,FPQ-10632,SO-43221,DN-2975,Zimbabwe,PMO - US,From RDC,N/A - From RDC,Truck,9/11/2012,N/A - From RDC,21-Dec-12,13-Dec-12,13-Dec-12,ARV,Adult,SCMS from RDC,"Efavirenz 600mg, tablets, 30 Tabs",Efavirenz,Generic,600mg,Tablet,30,252,897.12,3.56,0.12,"Emcure Plot No.P-2, I.T-B.T. Park, Phase II, MIDC, Hinjwadi, Pune, India",No,See DN-2975 (ID#:82536),See DN-2975 (ID#:82536),1.26
71809,116-ZA-T30,FPQ-12522,SCMS-199289,ASN-28034,South Africa,PMO - US,Direct Drop,DDP,Truck,7/11/2013,8/29/2014,29-Aug-14,29-Aug-14,29-Aug-14,ARV,Adult,S. BUYS WHOLESALER,"Lamivudine 150mg, tablets, 60 Tabs",Lamivudine,Generic,150mg,Tablet,60,592,5776.17,9.76,0.16,Hetero Unit III Hyderabad IN,No,Weight Captured Separately,Freight Included in Commodity Cost,7.15
10438,108-VN-T01,Pre-PQ Process,SCMS-45050,ASN-4446,Vietnam,PMO - US,Direct Drop,EXW,Air,Pre-PQ Process,4/29/2009,3-Aug-09,3-Aug-09,3-Aug-09,ARV,Adult,MYLAN LABORATORIES LTD (FORMERLY MATRIX LABORATORIES),"Efavirenz 600mg, tablets, 30 Tabs",Efavirenz,Generic,600mg,Tablet,30,22512,146328.0,6.5,0.22,Mylan (formerly Matrix) Nashik,Yes,1775,5761.87,286.8
73403,101-AF-T30,FPQ-15746,SCMS-275090,ASN-30861,Afghanistan,PMO - US,Direct Drop,EXW,Air,1/20/2015,2/9/2015,12-Jul-15,12-Jul-15,13-Jul-15,ANTM,Malaria,IMRES B.V.,"Quinine sulphate 300mg, film coated tablet, 1000 Tabs",Quinine,Generic,300mg,Tablet,1000,57,2881.35,50.55,0.05,Mepro Pharm Wadhwan Unit II,No,See ASN-30861 (ID#:41238),See ASN-30861 (ID#:41238),3.39
74707,105-GH-T30,FPQ-14052,SCMS-237830,ASN-27589,Ghana,PMO - US,Direct Drop,EXW,Air,4/12/2014,5/23/2014,9-Oct-14,9-Oct-14,13-Oct-14,ARV,Pediatric,Aurobindo Pharma Limited,"Zidovudine 10mg/ml, oral solution, Bottle, 240 ml",Zidovudine,Generic,10mg/ml,Oral solution,240,3652,7304.0,2.0,0.01,"Aurobindo Unit III, India",Yes,1575,8130.55,7.51
69871,108-VN-T30,FPQ-7427,SCMS-105540,ASN-11855,Vietnam,PMO - US,Direct Drop,EXW,Air,3/31/2011,4/14/2011,21-Sep-11,21-Sep-11,21-Sep-11,ARV,Adult,HETERO LABS LIMITED,"Lamivudine/Nevirapine/Stavudine 150/200/30mg, tablets, 60 Tabs",Lamivudine/Nevirapine/Stavudine,Generic,150/200/30mg,Tablet - FDC,60,22925,110040.0,4.8,0.08,Hetero Unit III Hyderabad IN,Yes,3723,19056.13,181.57
53852,116-ZA-T30,FPQ-11828,SCMS-183950,ASN-19166,South Africa,South Africa Field Office,Direct Drop,DDP,Truck,3/18/2013,Date Not Captured,16-Apr-13,16-Apr-13,16-Apr-13,ARV,Pediatric,S. BUYS WHOLESALER,"Efavirenz 200mg, capsule, 90 Caps",Efavirenz,Generic,200mg,Capsule,90,545,13007.18,23.87,0.27,"Aurobindo Unit III, India",No,Weight Captured Separately,Freight Included in Commodity Cost,16.09
11146,107-RW-T01,Pre-PQ Process,SO-756,DN-238,Rwanda,PMO - US,From RDC,N/A - From RDC,Air,Pre-PQ Process,N/A - From RDC,16-Jul-07,16-Jul-07,16-Jul-07,HRDT,HIV test,SCMS from RDC,"HIV 1/2, Capillus HIV Kit, 100 Tests","HIV 1/2, Capillus HIV Kit",Capillus,,Test kit,100,150,20850.0,139.0,1.39,"Trinity Biotech, Plc",Yes,130,1676.91,33.36
75623,102-SD-T30,FPQ-5520,SCMS-71580,ASN-6862,Sudan,PMO - US,Direct Drop,EXW,Air,4/16/2010,4/22/2010,28-May-10,28-May-10,28-May-10,HRDT,HIV test,"Trinity Biotech, Plc","HIV 1/2, Uni-Gold HIV Kit, 20 Tests","HIV 1/2, Uni-Gold HIV Kit",Uni-Gold,,Test kit,20,750,24000.0,32.0,1.6,"Trinity Biotech, Plc",Yes,253,2849.79,51.74
12211,106-HT-T01,Pre-PQ Process,SO-23751,DN-1145,Haiti,PMO - US,From RDC,N/A - From RDC,Air,Pre-PQ Process,N/A - From RDC,31-Mar-09,31-Mar-09,31-Mar-09,ARV,Pediatric,SCMS from RDC,"Efavirenz 50mg, capsule, 30 Caps",Efavirenz,Generic,50mg,Capsule,30,1446,3239.04,2.24,0.07,"Aurobindo Unit III, India",Yes,83,1608.72,6.35
82751,151-NG-T30,FPQ-14766,SO-49701,DN-3998,Nigeria,PMO - US,From RDC,N/A - From RDC,Air Charter,8/13/2014,N/A - From RDC,31-Mar-15,30-Oct-14,3-Nov-14,ARV,Adult,SCMS from RDC,"Lopinavir/Ritonavir 200/50mg [Aluvia], tablets, 120 Tabs",Lopinavir/Ritonavir,Aluvia,200/50mg,Tablet,120,28000,529200.0,18.9,0.16,ABBVIE Ludwigshafen Germany,Yes,6702,20526,544.02
46129,111-MZ-T30,FPQ-6562,SCMS-93760,ASN-9741,Mozambique,PMO - US,Direct Drop,EXW,Air,11/16/2010,1/12/2011,10-Mar-11,10-Mar-11,10-Mar-11,HRDT,HIV test,"Orgenics, Ltd","HIV 1/2, Determine Complete HIV Kit, 100 Tests","HIV 1/2, Determine Complete HIV Kit",Determine,,Test kit,100,61,4739.7,77.7,0.78,Inverness Japan,Yes,28,1001.47,7.82
86302,106-HT-T30,FPQ-4384,SO-36190,DN-1812,Haiti,PMO - US,From RDC,N/A - From RDC,Air,10/23/2009,N/A - From RDC,17-May-10,19-May-10,19-May-10,ARV,Adult,SCMS from RDC,"Nevirapine 200mg, tablets, 60 Tabs",Nevirapine,Generic,200mg,Tablet,60,26400,70224.0,2.66,0.04,"Strides, Bangalore, India.",Yes,1456,25493.03,151.4
85162,104-CI-T30,FPQ-5925,SO-37120,DN-2033,Côte d'Ivoire,PMO - US,From RDC,N/A - From RDC,Truck,6/23/2010,N/A - From RDC,28-Oct-10,23-Nov-10,23-Nov-10,ARV,Adult,SCMS from RDC,"Lamivudine/Zidovudine 150/300mg, tablets, 60 Tabs",Lamivudine/Zidovudine,Generic,150/300mg,Tablet - FDC,60,50928,435434.4,8.55,0.14,Hetero Unit III Hyderabad IN,No,See DN-2033 (ID#:82922),See DN-2033 (ID#:82922),938.8
83340,151-NG-T30,FPQ-14989,SO-51427,DN-4290,Nigeria,PMO - US,From RDC,N/A - From RDC,Air Charter,9/19/2014,N/A - From RDC,30-Jun-15,2-Jun-15,17-Jun-15,ARV,Adult,SCMS from RDC,"Lamivudine/Nevirapine/Zidovudine 150/200/300mg, tablets, 60 Tabs",Lamivudine/Nevirapine/Zidovudine,Generic,150/300/200mg,Tablet - FDC,60,177285,1368640.2,7.72,0.13,Mylan (formerly Matrix) Nashik,Yes,41904,84944.83,1406.96
83484,110-ZM-T30,FPQ-6222,SO-37360,DN-2112,Zambia,PMO - US,From RDC,N/A - From RDC,Truck,8/20/2010,N/A - From RDC,26-Feb-11,15-Feb-11,15-Feb-11,ARV,Adult,SCMS from RDC,"Zidovudine 300mg, tablets, 60 Tabs",Zidovudine,Generic,300mg,Tablet,60,10776,77694.96,7.21,0.12,"Aurobindo Unit III, India",Yes,586,8045.76,167.51
82275,110-ZM-T30,FPQ-4035,SO-34340,DN-1515,Zambia,PMO - US,From RDC,N/A - From RDC,Truck,8/5/2009,N/A - From RDC,30-Nov-09,23-Nov-09,23-Nov-09,ARV,Adult,SCMS from RDC,"Efavirenz 600mg, tablets, 30 Tabs",Efavirenz,Generic,600mg,Tablet,30,47227,272972.06,5.78,0.19,"Aurobindo Unit III, India",Yes,4959,9973.51,535.03
83391,151-NG-T30,FPQ-4105,SO-33141,DN-1591,Nigeria,PMO - US,From RDC,N/A - From RDC,Air Charter,8/13/2009,N/A - From RDC,18-Dec-09,18-Dec-09,18-Dec-09,ARV,Adult,SCMS from RDC,"Lamivudine/Nevirapine/Zidovudine 150/200/300mg, tablets, 60 Tabs",Lamivudine/Nevirapine/Zidovudine,Generic,150/300/200mg,Tablet - FDC,60,60000,681000.0,11.35,0.19,"Aurobindo Unit III, India",Yes,6949,11637.64,1334.76
85633,114-UG-T30,FPQ-4275,SO-33860,DN-1522,Uganda,PMO - US,From RDC,N/A - From RDC,Air,9/17/2009,N/A - From RDC,3-Dec-09,30-Nov-09,30-Nov-09,ARV,Adult,SCMS from RDC,"Lamivudine/Zidovudine 150/300mg, tablets, 60 Tabs",Lamivudine/Zidovudine,Generic,150/300mg,Tablet - FDC,60,16577,145214.52,8.76,0.15,Mylan (formerly Matrix) Nashik,No,See DN-1522 (ID#:82845),See DN-1522 (ID#:82845),284.62
12473,113-ZW-T01,Pre-PQ Process,SO-1874,DN-803,Zimbabwe,PMO - US,From RDC,N/A - From RDC,Air,Pre-PQ Process,N/A - From RDC,1-Jul-08,1-Jul-08,1-Jul-08,HRDT,HIV test,SCMS from RDC,"HIV 1/2, Bioline 3.0 Kit, Lancets, Capillary pipets, Alcohol swabs included, 25 Tests","HIV 1/2, Bioline 3.0 Kit, Lancets, Capillary pipets, Alcohol swabs included",Bioline,,Test kit,25,9700,194000.0,20.0,0.8,"Standard Diagnostics, Korea",Yes,2907,12781.58,310.4
11474,100-ZW-T01,Pre-PQ Process,SO-706,DN-401,Zimbabwe,PMO - US,From RDC,N/A - From RDC,Air,Pre-PQ Process,N/A - From RDC,25-Nov-07,25-Nov-07,25-Nov-07,ARV,Adult,SCMS from RDC,"Efavirenz 600mg, tablets, 30 Tabs",Efavirenz,Generic,600mg,Tablet,30,1860,23101.2,12.42,0.41,"Cipla, Goa, India",Yes,4256,5145.86,36.96
4020,108-VN-T01,Pre-PQ Process,SCMS-749,ASN-737,Vietnam,PMO - US,Direct Drop,EXW,Air,Pre-PQ Process,7/3/2007,2-Oct-07,2-Oct-07,2-Oct-07,ARV,Adult,Aurobindo Pharma Limited,"Abacavir 300mg, tablets, 60 Tabs",Abacavir,Generic,300mg,Tablet,60,1500,41475.0,27.65,0.46,"Aurobindo Unit III, India",No,See ASN-737 (ID#:2765),See ASN-737 (ID#:2765),66.36
24270,161-ZA-T30,FPQ-5303,SCMS-68980,ASN-7687,South Africa,PMO - US,Direct Drop,DDP,Air,3/18/2010,3/19/2010,24-Aug-10,20-Sep-10,20-Sep-10,ARV,Adult,Aurobindo Pharma Limited,"Lamivudine 150mg, tablets, 60 Tabs",Lamivudine,Generic,150mg,Tablet,60,34067,86189.51,2.53,0.04,"Aurobindo Unit III, India",Yes,1828,1791.42,185.82
86467,110-ZM-T30,FPQ-8476,SO-40953,DN-2608,Zambia,PMO - US,From RDC,N/A - From RDC,Truck,9/27/2011,N/A - From RDC,15-May-12,16-Apr-12,16-Apr-12,ARV,Adult,SCMS from RDC,"Emtricitabine/Tenofovir Disoproxil Fumarate 200/300mg, tablets, 30 Tabs",Emtricitabine/Tenofovir Disoproxil Fumarate,Generic,200/300mg,Tablet - FDC,30,79075,709302.75,8.97,0.3,Mylan (formerly Matrix) Nashik,No,See DN-2608 (ID#:83579),See DN-2608 (ID#:83579),1170.35
42361,116-ZA-T30,FPQ-15269,SCMS-267020,ASN-29764,South Africa,PMO - US,Direct Drop,DDP,Truck,10/29/2014,12/10/2014,10-Dec-14,10-Dec-14,10-Dec-14,ARV,Adult,S. BUYS WHOLESALER,"Zidovudine 300mg, tablets, 60 Tabs",Zidovudine,Generic,300mg,Tablet,60,13,287.28,22.1,0.37,"Aurobindo Unit III, India",No,Weight Captured Separately,Freight Included in Commodity Cost,0.34
27462,105-GY-T30,FPQ-12057,SCMS-188860,ASN-21852,Guyana,PMO - US,Direct Drop,FCA,Air,4/15/2013,5/23/2013,29-Oct-13,29-Oct-13,29-Oct-13,ARV,Pediatric,ABBVIE LOGISTICS (FORMERLY ABBOTT LOGISTICS BV),"Lopinavir/Ritonavir 80/20mg/ml [Kaletra], oral solution, cool, Bottle 5 x 60 ml",Lopinavir/Ritonavir,Kaletra,80/20mg/ml,Oral solution,300,12,729.84,60.82,0.2,ABBVIE (Abbott) Logis. UK,Yes,48,749.36,0.9
11493,104-CI-T01,Pre-PQ Process,SO-1298,DN-451,Côte d'Ivoire,PMO - US,From RDC,N/A - From RDC,Air,Pre-PQ Process,N/A - From RDC,17-Jan-08,17-Jan-08,17-Jan-08,ARV,Adult,SCMS from RDC,"Lopinavir/Ritonavir 200/50mg [Aluvia], tablets, 120 Tabs",Lopinavir/Ritonavir,Aluvia,200/50mg,Tablet,120,4,164.4,41.1,0.34,ABBVIE (Abbott) Logis. UK,No,See DN-451 (ID#:11205),See DN-451 (ID#:11205),0.26
78698,161-ZA-T30,FPQ-7175,SCMS-103790,ASN-12624,South Africa,PMO - US,Direct Drop,DDP,Ocean,3/10/2011,3/28/2011,25-Nov-11,25-Nov-11,25-Nov-11,ARV,Pediatric,CIPLA LIMITED,"Lamivudine 10mg/ml, oral solution, Bottle, 240 ml",Lamivudine,Generic,10mg/ml,Oral solution,240,50000,103000.0,2.06,0.01,"Cipla, Goa, India",Yes,18467,6617.84,169.95
11210,110-ZM-T01,Pre-PQ Process,SO-1362,DN-494,Zambia,PMO - US,From RDC,N/A - From RDC,,Pre-PQ Process,N/A - From RDC,28-Dec-07,28-Dec-07,28-Dec-07,ARV,Pediatric,SCMS from RDC,"Lopinavir/Ritonavir 80/20mg/ml [Kaletra], oral solution, cool, Bottle 5 x 60 ml",Lopinavir/Ritonavir,Kaletra,80/20mg/ml,Oral solution,300,630,25893.0,41.1,0.14,ABBVIE (Abbott) Logis. UK,Yes,83,4522.03,41.43
32729,108-VN-T30,FPQ-12539,SCMS-199700,ASN-23138,Vietnam,PMO - US,Direct Drop,FCA,Air,7/11/2013,7/30/2013,6-Jan-14,6-Jan-14,6-Jan-14,ARV,Adult,ABBVIE LOGISTICS (FORMERLY ABBOTT LOGISTICS BV),"Ritonavir 100mg [Norvir], film coated tablets, 30 Tabs",Ritonavir,Norvir,100mg,Tablet,30,81,1884.06,23.26,0.78,ABBVIE Ludwigshafen Germany,Yes,6,3549.7,2.33
84702,101-CD-T30,FPQ-8840,SO-41147,DN-2511,"Congo, DRC",PMO - US,From RDC,N/A - From RDC,Air,11/21/2011,N/A - From RDC,16-Mar-12,14-Mar-12,14-Mar-12,ARV,Adult,SCMS from RDC,"Lamivudine/Tenofovir Disoproxil Fumarate 300/300mg, tablets, 30 Tabs",Lamivudine/Tenofovir Disoproxil Fumarate,Generic,300/300mg,Tablet - FDC,30,45,273.6,6.08,0.2,Mylan (formerly Matrix) Nashik,No,See DN-2511 (ID#:83563),See DN-2511 (ID#:83563),0.38
40963,133-NG-T30,FPQ-14995,SCMS-260700,ASN-29934,Nigeria,PMO - US,Direct Drop,EXW,Air,9/22/2014,10/29/2014,19-Jan-15,16-Jan-15,22-Jan-15,HRDT,HIV test,"Orgenics, Ltd","HIV 1/2, Determine Complete HIV Kit, 100 Tests","HIV 1/2, Determine Complete HIV Kit",Determine,,Test kit,100,6170,549130.0,89.0,0.89,"Alere Medical Co., Ltd.",Yes,2498,30648.28,564.51
86392,104-CI-T30,FPQ-6891,SO-39870,DN-2247,Côte d'Ivoire,PMO - US,From RDC,N/A - From RDC,Air,12/21/2010,N/A - From RDC,30-Jun-11,26-Jun-11,26-Jun-11,ARV,Pediatric,SCMS from RDC,"Zidovudine 10mg/ml, oral solution w/syringe, Bottle, 240 ml",Zidovudine,Generic,10mg/ml,Oral solution,240,4965,10426.5,2.1,0.01,"Aurobindo Unit III, India",Yes,1784,2503.33,17.2
49529,116-ZA-T30,FPQ-3560,SCMS-49630,ASN-5133,South Africa,PMO - US,Direct Drop,DDP,Truck,5/7/2009,7/21/2009,10-Sep-09,10-Sep-09,10-Sep-09,ARV,Adult,S. BUYS WHOLESALER,"Efavirenz 600mg, tablets, 30 Tabs",Efavirenz,Generic,600mg,Tablet,30,29672,524304.06,17.67,0.59,"Cipla, Goa, India",Yes,Weight Captured Separately,Freight Included in Commodity Cost,1027.64
12543,114-UG-T01,Pre-PQ Process,SO-17911,DN-1094,Uganda,PMO - US,From RDC,N/A - From RDC,Air,Pre-PQ Process,N/A - From RDC,19-Mar-09,19-Mar-09,19-Mar-09,ARV,Adult,SCMS from RDC,"Efavirenz 600mg, tablets, 30 Tabs",Efavirenz,Generic,600mg,Tablet,30,9,99.0,11.0,0.37,"Aurobindo Unit III, India",Yes,1,966.37,0.19
48879,161-ZA-T30,FPQ-5303,SCMS-68720,ASN-7431,South Africa,PMO - US,Direct Drop,DDP,Air,3/18/2010,3/19/2010,19-Jul-10,19-Jul-10,19-Jul-10,ARV,Adult,CIPLA LIMITED,"Tenofovir Disoproxil Fumarate 300mg, tablets, 30 Tabs",Tenofovir Disoproxil Fumarate,Generic,300mg,Tablet,30,11574,90508.68,7.82,0.26,"Cipla, Goa, India",Yes,793,916.22,195.14
9154,108-VN-T01,Pre-PQ Process,SCMS-45070,ASN-4419,Vietnam,PMO - US,Direct Drop,EXW,Air,Pre-PQ Process,4/29/2009,10-Jul-09,10-Jul-09,10-Jul-09,ARV,Adult,Aurobindo Pharma Limited,"Lamivudine 150mg, tablets, 60 Tabs",Lamivudine,Generic,150mg,Tablet,60,6000,14400.0,2.4,0.04,"Aurobindo Unit III, India",No,See ASN-4419 (ID#:3851),See ASN-4419 (ID#:3851),28.22
45034,116-ZA-T30,FPQ-4054,SCMS-51260,ASN-4939,South Africa,PMO - US,Direct Drop,DDP,Truck,7/29/2009,8/7/2009,3-Sep-09,3-Sep-09,3-Sep-09,ARV,Adult,S. BUYS WHOLESALER,"Ritonavir 100mg [Norvir], capsules, cool, 84 Caps",Ritonavir,Norvir,100mg,Capsule,84,40,431.92,10.8,0.13,ABBVIE (Abbott) Logis. UK,Yes,Weight Captured Separately,Freight Included in Commodity Cost,0.85
60818,109-TZ-T30,FPQ-7680,SCMS-111650,ASN-13770,Tanzania,PMO - US,Direct Drop,FCA,Air,6/6/2011,6/22/2011,9-Mar-12,9-Mar-12,9-Mar-12,ARV,Adult,ABBVIE LOGISTICS (FORMERLY ABBOTT LOGISTICS BV),"Ritonavir 100mg [Norvir], film coated tablets, 60 Tabs",Ritonavir,Norvir,100mg,Tablet,60,2145,14693.25,6.85,0.11,ABBVIE Ludwigshafen Germany,Yes,309,2383.65,24.24
41418,116-ZA-T30,FPQ-3596,SCMS-50370,ASN-5461,South Africa,PMO - US,Direct Drop,DDP,Truck,5/7/2009,9/22/2009,28-Oct-09,28-Oct-09,28-Oct-09,ARV,Pediatric,S. BUYS WHOLESALER,"Stavudine 1mg/ml, powder for oral solution, 200 ml",Stavudine,Generic,1mg/ml,Oral solution,200,4500,12317.21,2.74,0.01,"Aurobindo Unit III, India",Yes,Weight Captured Separately,Freight Included in Commodity Cost,24.14
4372,108-VN-T01,Pre-PQ Process,SCMS-20410,ASN-2050,Vietnam,PMO - US,Direct Drop,FCA,Air,Pre-PQ Process,3/31/2008,16-Jul-08,16-Jul-08,16-Jul-08,ARV,Adult,ABBVIE LOGISTICS (FORMERLY ABBOTT LOGISTICS BV),"Lopinavir/Ritonavir 200/50mg [Aluvia], tablets, 120 Tabs",Lopinavir/Ritonavir,Aluvia,200/50mg,Tablet,120,1520,124944.0,82.2,0.68,ABBVIE Ludwigshafen Germany,Yes,385,4393.32,199.91
28231,116-ZA-T30,FPQ-14942,SCMS-259071,ASN-29597,South Africa,PMO - US,Direct Drop,DDP,Truck,9/11/2014,11/28/2014,28-Nov-14,28-Nov-14,28-Nov-14,ARV,Adult,PHARMACY DIRECT,"Lamivudine 150mg, tablets, 60 Tabs",Lamivudine,Generic,150mg,Tablet,60,161,1063.65,6.61,0.11,"Aurobindo Unit III, India",No,Weight Captured Separately,Freight Included in Commodity Cost,1.09
86009,103-ZW-T30,FPQ-12086,SO-45121,DN-3363,Zimbabwe,PMO - US,From RDC,N/A - From RDC,Truck,4/19/2013,N/A - From RDC,30-Nov-13,22-Oct-13,15-Nov-13,ARV,Pediatric,SCMS from RDC,"Efavirenz 200mg, scored tablets, 90 Tabs",Efavirenz,Generic,200mg,Tablet,90,1000,9300.0,9.3,0.1,"Strides, Bangalore, India.",Yes,68,1004.86,11.5
12852,110-ZM-T01,Pre-PQ Process,SO-14040,DN-905,Zambia,PMO - US,From RDC,N/A - From RDC,Air,Pre-PQ Process,N/A - From RDC,23-Sep-08,23-Sep-08,23-Sep-08,ARV,Adult,SCMS from RDC,"Nevirapine 200mg, tablets, 60 Tabs",Nevirapine,Generic,200mg,Tablet,60,9408,31987.2,3.4,0.06,"Aurobindo Unit III, India",Yes,893,6269.7,51.18
12225,110-ZM-T01,Pre-PQ Process,SO-2476,DN-864,Zambia,PMO - US,From RDC,N/A - From RDC,Air,Pre-PQ Process,N/A - From RDC,27-Aug-08,27-Aug-08,27-Aug-08,ARV,Adult,SCMS from RDC,"Nevirapine 200mg, tablets, 60 Tabs",Nevirapine,Generic,200mg,Tablet,60,39068,132831.2,3.4,0.06,Hetero Unit III Hyderabad IN,Yes,4510,3540.35,212.53
86806,110-ZM-T30,FPQ-14784,SO-49601,DN-4250,Zambia,PMO - US,From RDC,N/A - From RDC,Truck,8/12/2014,N/A - From RDC,29-May-15,15-May-15,15-May-15,ARV,Pediatric,SCMS from RDC,"Efavirenz 200mg, scored tablets, 90 Tabs",Efavirenz,Generic,200mg,Tablet,90,15000,82500.0,5.5,0.06,"Strides, Bangalore, India.",No,See DN-4250 (ID#:82799),See DN-4250 (ID#:82799),84.81
77737,107-RW-T30,FPQ-9270,SCMS-136330,ASN-13764,Rwanda,PMO - US,Direct Drop,EXW,Air,1/27/2012,1/31/2012,25-Feb-12,25-Feb-12,25-Feb-12,HRDT,HIV test,"Trinity Biotech, Plc","HIV 1/2, Uni-Gold HIV Kit, 20 Tests","HIV 1/2, Uni-Gold HIV Kit",Uni-Gold,,Test kit,20,1460,46720.0,32.0,1.6,"Trinity Biotech, Plc",Yes,613,5405.42,65.5
78096,103-CM-T30,FPQ-10128,SCMS-151610,ASN-16495,Cameroon,PMO - US,Direct Drop,EXW,Air,6/22/2012,7/16/2012,4-Oct-12,4-Oct-12,4-Oct-12,HRDT,HIV test,HUMAN GMBH,"HIV 1/2, HEXAGON Rapid HIV Kit, 100 Tests","HIV 1/2, HEXAGON Rapid HIV Kit",Hexagon,,Test kit,100,30,3347.4,111.58,1.12,Human Diagnostic,Yes,Weight Captured Separately,Invoiced Separately,4.69
69,102-NG-T01,Pre-PQ Process,SCMS-354,ASN-608,Nigeria,PMO - US,Direct Drop,CIP,,Pre-PQ Process,Date Not Captured,7-May-07,7-May-07,7-May-07,HRDT,HIV test,ACCOUN NIGERIA LIMITED,"HIV 1/2, Determine Complete HIV Kit, 100 Tests","HIV 1/2, Determine Complete HIV Kit",Determine,,Test kit,100,1500,120000.0,80.0,0.8,ABBVIE GmbH & Co.KG Wiesbaden,Yes,Weight Captured Separately,Freight Included in Commodity Cost,192.0
82735,110-ZM-T30,FPQ-13692,SO-47990,DN-3951,Zambia,PMO - US,From RDC,N/A - From RDC,Truck,2/6/2014,N/A - From RDC,31-Oct-14,2-Oct-14,22-Oct-14,ARV,Pediatric,SCMS from RDC,"Abacavir/Lamivudine 60/30mg, tablets, 60 Tabs",Abacavir/Lamivudine,Generic,60/30mg,Tablet - FDC,60,46973,187892.0,4.0,0.07,"Aurobindo Unit III, India",Yes,3237,4208.35,193.15
83749,151-NG-T30,FPQ-11771,SO-47180,DN-3475,Nigeria,PMO - US,From RDC,N/A - From RDC,Air Charter,2/28/2013,N/A - From RDC,31-Jan-14,10-Jan-14,15-Jan-14,ARV,Adult,SCMS from RDC,"Lopinavir/Ritonavir 200/50mg [Aluvia], tablets, 120 Tabs",Lopinavir/Ritonavir,Aluvia,200/50mg,Tablet,120,40435,817595.7,20.22,0.17,ABBVIE Ludwigshafen Germany,Yes,9966,49199.75,1011.37
57173,104-CI-T30,FPQ-4484,SCMS-56480,ASN-5620,Côte d'Ivoire,PMO - US,Direct Drop,EXW,Air,10/29/2009,11/3/2009,21-Jan-10,21-Jan-10,21-Jan-10,HRDT,HIV test,"Orgenics, Ltd","HIV 1/2, Determine HIV Kit, without Lancets, 100 Tests","HIV 1/2, Determine HIV Kit, without Lancets",Determine,,Test kit,100,3500,245000.0,70.0,0.7,Inverness Japan,Yes,794,12499.27,528.22
60273,106-HT-T30,FPQ-14895,SCMS-260950,ASN-29640,Haiti,PMO - US,Direct Drop,EXW,Air,9/24/2014,11/15/2014,20-Jan-15,20-Jan-15,21-Jan-15,ARV,Pediatric,STRIDES ARCOLAB LIMITED,"Efavirenz 200mg, capsule, 90 Caps",Efavirenz,Generic,200mg,Capsule,90,2440,22692.0,9.3,0.1,"Strides, Bangalore, India.",Yes,163,1659.21,23.33
18580,109-TZ-T30,FPQ-14009,SCMS-236750,ASN-25904,Tanzania,PMO - US,Direct Drop,EXW,Air,4/17/2014,4/18/2014,24-Jun-14,24-Jun-14,24-Jun-14,ARV,Pediatric,STRIDES ARCOLAB LIMITED,"Efavirenz 200mg, scored tablets, 90 Tabs",Efavirenz,Generic,200mg,Tablet,90,15041,139881.3,9.3,0.1,"Strides, Bangalore, India.",Yes,949,4673.77,143.8
68126,109-TZ-T30,FPQ-9211,SCMS-135870,ASN-13851,Tanzania,PMO - US,Direct Drop,EXW,Air,1/25/2012,1/27/2012,7-Mar-12,8-Mar-12,8-Mar-12,HRDT,HIV test,"Orgenics, Ltd","HIV 1/2, Determine Complete HIV Kit, 100 Tests","HIV 1/2, Determine Complete HIV Kit",Determine,,Test kit,100,1044,83520.0,80.0,0.8,"Alere Medical Co., Ltd.",Yes,499,9894.85,117.1
84949,111-MZ-T30,FPQ-14226,SO-48871,DN-3805,Mozambique,PMO - US,From RDC,N/A - From RDC,Truck,5/2/2014,N/A - From RDC,30-Sep-14,5-Sep-14,8-Sep-14,ARV,Adult,SCMS from RDC,"Tenofovir Disoproxil Fumarate 300mg, tablets, 30 Tabs",Tenofovir Disoproxil Fumarate,Generic,300mg,Tablet,30,800,3024.0,3.78,0.13,Hetero Unit III Hyderabad IN,Yes,64,166.96,3.11
84040,104-CI-T30,FPQ-5623,SO-36881,DN-2012,Côte d'Ivoire,PMO - US,From RDC,N/A - From RDC,Truck,5/7/2010,N/A - From RDC,19-Oct-10,25-Sep-10,25-Sep-10,ARV,Adult,SCMS from RDC,"Nevirapine 200mg, tablets, 60 Tabs",Nevirapine,Generic,200mg,Tablet,60,7925,21080.5,2.66,0.04,"Aurobindo Unit III, India",Yes,18041,8953.2,45.45
85918,151-NG-T30,FPQ-9968,SO-43434,DN-2945,Nigeria,PMO - US,From RDC,N/A - From RDC,Air,5/23/2012,N/A - From RDC,30-Nov-12,4-Dec-12,4-Dec-12,ARV,Adult,SCMS from RDC,"Lamivudine/Tenofovir Disoproxil Fumarate 300/300mg, tablets, 30 Tabs",Lamivudine/Tenofovir Disoproxil Fumarate,Generic,300/300mg,Tablet - FDC,30,15594,83583.84,5.36,0.18,"Cipla, Kurkumbh, India",No,See DN-2945 (ID#:82533),See DN-2945 (ID#:82533),117.18
25323,108-VN-T30,FPQ-16194,SCMS-285500,ASN-33269,Vietnam,PMO - US,Direct Drop,EXW,Air,4/14/2015,5/13/2015,3-Sep-15,3-Sep-15,3-Sep-15,ARV,Adult,HETERO LABS LIMITED,"Nevirapine 200mg, tablets, 60 Tabs",Nevirapine,Generic,200mg,Tablet,60,2500,5400.0,2.16,0.04,Hetero Unit III Hyderabad IN,Yes,Weight Captured Separately,Invoiced Separately,6.36
2450,116-ZA-T01,Pre-PQ Process,SCMS-41584,ASN-4385,South Africa,PMO - US,Direct Drop,DDP,Air,Pre-PQ Process,3/27/2009,25-Jun-09,20-Apr-09,20-Apr-09,ARV,Pediatric,S. BUYS WHOLESALER,"Zidovudine 10mg/ml [Retrovir], solution for IV infusion injection, Vial 5 x 20 ml",Zidovudine,Retrovir,10mg/ml,Injection,5,166,2265.9,13.65,2.73,GSK Ware (UK),No,Weight Captured Separately,Freight Included in Commodity Cost,4.44
83293,107-RW-T30,FPQ-14811,SO-49952,DN-4043,Rwanda,PMO - US,From RDC,N/A - From RDC,Truck,10/15/2014,N/A - From RDC,14-Jan-15,24-Dec-14,31-Dec-14,ARV,Pediatric,SCMS from RDC,"Abacavir/Lamivudine 60/30mg, dispersible tablets, 60 Tabs",Abacavir/Lamivudine,Generic,60/30mg,Chewable/dispersible tablet - FDC,60,6030,30692.7,5.09,0.08,"Cipla, Patalganga, India",Yes,542,4649.71,31.55
69148,109-TZ-T30,FPQ-5900,SCMS-76980,ASN-7441,Tanzania,PMO - US,Direct Drop,EXW,Air,6/21/2010,6/24/2010,7-Aug-10,7-Aug-10,7-Aug-10,ARV,Adult,Aurobindo Pharma Limited,"Nevirapine 200mg, tablets, 60 Tabs",Nevirapine,Generic,200mg,Tablet,60,6934,18028.4,2.6,0.04,"Aurobindo Unit III, India",Yes,820,18044.49,38.87
40836,161-ZA-T30,FPQ-7175,SCMS-103380,ASN-12992,South Africa,PMO - US,Direct Drop,DDP,Ocean,3/10/2011,3/24/2011,4-Jan-12,4-Jan-12,4-Jan-12,ARV,Adult,Aurobindo Pharma Limited,"Zidovudine 300mg, tablets, 60 Tabs",Zidovudine,Generic,300mg,Tablet,60,6384,46603.2,7.3,0.12,"Aurobindo Unit III, India",Yes,331,5766.83,76.9
84745,104-CI-T30,FPQ-9749,SO-42401,DN-2814,Côte d'Ivoire,PMO - US,From RDC,N/A - From RDC,Truck,4/19/2012,N/A - From RDC,30-Oct-12,27-Aug-12,27-Aug-12,ARV,Adult,SCMS from RDC,"Efavirenz/Lamivudine/Tenofovir Disoproxil Fumarate 600/300/300mg, tablets, 30 Tabs",Efavirenz/Lamivudine/Tenofovir Disoproxil Fumarate,Generic,600/300/300mg,Tablet - FDC,30,40230,533852.1,13.27,0.44,Mylan (formerly Matrix) Nashik,Yes,4525,11874.85,748.46
61271,114-UG-T30,FPQ-12777,SCMS-202560,ASN-22983,Uganda,PMO - US,Direct Drop,EXW,Air,8/5/2013,8/9/2013,10-Dec-13,12-Dec-13,13-Dec-13,ARV,Pediatric,Aurobindo Pharma Limited,"Nevirapine 10mg/ml, oral suspension w/syringe, Bottle, 100 ml",Nevirapine,Generic,10mg/ml,Oral suspension,100,11036,14346.8,1.3,0.01,"Aurobindo Unit III, India",Yes,2385,10898.12,17.75
4929,110-ZM-T01,Pre-PQ Process,SCMS-37770,ASN-3676,Zambia,PMO - US,Direct Drop,EXW,Air,Pre-PQ Process,1/27/2009,26-Mar-09,26-Mar-09,26-Mar-09,HRDT,HIV test,"Standard Diagnostics, Inc.","HIV 1/2, Bioline 3.0 Kit, Lancets, Capillary pipets, Alcohol swabs included, 25 Tests","HIV 1/2, Bioline 3.0 Kit, Lancets, Capillary pipets, Alcohol swabs included",Bioline,,Test kit,25,300,6000.0,20.0,0.8,"Standard Diagnostics, Korea",Yes,94,1205.43,11.76
47253,108-VN-T30,FPQ-7565,SCMS-107630,ASN-11362,Vietnam,PMO - US,Direct Drop,EXW,Air,4/21/2011,5/2/2011,26-Jul-11,26-Jul-11,26-Jul-11,ARV,Adult,STRIDES ARCOLAB LIMITED,"Lamivudine/Nevirapine/Stavudine 150/200/30mg, tablets, 60 Tabs",Lamivudine/Nevirapine/Stavudine,Generic,150/200/30mg,Tablet - FDC,60,11000,58850.0,5.35,0.09,"Strides, Bangalore, India.",Yes,3828,15089.11,97.1
76319,116-ZA-T30,FPQ-13973,SCMS-238554,ASN-28627,South Africa,PMO - US,Direct Drop,DDP,Truck,4/30/2014,10/3/2014,3-Oct-14,3-Oct-14,3-Oct-14,ARV,Adult,PHARMACY DIRECT,"Didanosine 400mg, delayed-release capsules, 30 Caps",Didanosine,Generic,400mg,Delayed-release capsules,30,4,78.7,19.68,0.66,"Aurobindo Unit III, India",No,Weight Captured Separately,Freight Included in Commodity Cost,0.08
84447,110-ZM-T30,FPQ-14784,SO-49630,DN-4111,Zambia,PMO - US,From RDC,N/A - From RDC,Truck,8/12/2014,N/A - From RDC,31-Mar-15,19-Feb-15,20-Feb-15,ARV,Adult,SCMS from RDC,"Efavirenz 600mg, tablets, 30 Tabs",Efavirenz,Generic,600mg,Tablet,30,65000,208650.0,3.21,0.11,"Micro labs, Verna, Goa, India",No,See DN-4111 (ID#:83882),See DN-4111 (ID#:83882),214.49
83063,104-CI-T30,FPQ-9063,SO-41341,DN-2787,Côte d'Ivoire,PMO - US,From RDC,N/A - From RDC,Truck,12/21/2011,N/A - From RDC,31-Aug-12,12-Aug-12,12-Aug-12,ARV,Adult,SCMS from RDC,"Efavirenz 600mg, tablets, 30 Tabs",Efavirenz,Generic,600mg,Tablet,30,54392,207233.52,3.81,0.13,Hetero Unit III Hyderabad IN,Yes,4883,16898.58,290.54
86270,113-ZW-T30,FPQ-4694,SO-35390,DN-1659,Zimbabwe,PMO - US,From RDC,N/A - From RDC,Truck,12/8/2009,N/A - From RDC,31-Mar-10,12-Mar-10,12-Mar-10,ARV,Adult,SCMS from RDC,"Lamivudine/Stavudine 150/30mg, tablets, 60 Tabs",Lamivudine/Stavudine,Generic,150/30mg,Tablet - FDC,60,1900,6460.0,3.4,0.06,"Cipla, Goa, India",No,See DN-1659 (ID#:82859),See DN-1659 (ID#:82859),13.93
14785,104-CI-T30,FPQ-12133,SCMS-188290,ASN-20951,Côte d'Ivoire,PMO - US,Direct Drop,EXW,Air,4/18/2013,5/21/2013,8-Aug-13,8-Aug-13,8-Aug-13,HRDT,HIV test,"Orgenics, Ltd","HIV 1/2, Determine Complete HIV Kit, 100 Tests","HIV 1/2, Determine Complete HIV Kit",Determine,,Test kit,100,3200,256000.0,80.0,0.8,"Alere Medical Co., Ltd.",Yes,1394,20822.73,316.67
82802,110-ZM-T30,FPQ-14575,SO-49284,DN-4256,Zambia,PMO - US,From RDC,N/A - From RDC,Truck,7/11/2014,N/A - From RDC,29-May-15,15-May-15,15-May-15,ARV,Adult,SCMS from RDC,"Nevirapine 200mg, tablets, 60 Tabs",Nevirapine,Generic,200mg,Tablet,60,3926,8558.68,2.18,0.04,"Cipla, Goa, India",Yes,477,535.52,8.8
84980,110-ZM-T30,FPQ-13221,SO-47207,DN-3941,Zambia,PMO - US,From RDC,N/A - From RDC,Truck,10/31/2013,N/A - From RDC,30-Sep-14,2-Oct-14,22-Oct-14,ARV,Adult,SCMS from RDC,"Lamivudine/Tenofovir Disoproxil Fumarate 300/300mg, tablets, 30 Tabs",Lamivudine/Tenofovir Disoproxil Fumarate,Generic,300/300mg,Tablet - FDC,30,11536,54219.2,4.7,0.16,Ranbaxy per Shasun Pharma,Yes,1046,1157.78,55.74
11867,104-CI-T01,Pre-PQ Process,SO-2045,DN-761,Côte d'Ivoire,PMO - US,From RDC,N/A - From RDC,Air,Pre-PQ Process,N/A - From RDC,2-Jun-08,2-Jun-08,2-Jun-08,ARV,Pediatric,SCMS from RDC,"Lamivudine 10mg/ml, oral solution, Bottle, 240 ml",Lamivudine,Generic,10mg/ml,Oral solution,240,7700,15169.0,1.97,0.01,"Aurobindo Unit III, India",No,See DN-761 (ID#:10951),See DN-761 (ID#:10951),24.27
65308,133-NG-T30,FPQ-4891,SCMS-64780,ASN-6620,Nigeria,PMO - US,Direct Drop,EXW,Air,1/15/2010,2/5/2010,5-May-10,15-May-10,15-May-10,HRDT,HIV test,"Orgenics, Ltd","HIV 1/2, Determine Complete HIV Kit, 100 Tests","HIV 1/2, Determine Complete HIV Kit",Determine,,Test kit,100,1750,140000.0,80.0,0.8,Inverness Japan,Yes,842,14829.77,301.84
84571,104-CI-T30,FPQ-4659,SO-35590,DN-1868,Côte d'Ivoire,PMO - US,From RDC,N/A - From RDC,Air,12/8/2009,N/A - From RDC,30-Jun-10,21-Jun-10,21-Jun-10,ARV,Pediatric,SCMS from RDC,"Efavirenz 50mg, capsule, 30 Caps",Efavirenz,Generic,50mg,Capsule,30,1596,3575.04,2.24,0.07,"Aurobindo Unit III, India",No,See DN-1868 (ID#:83435),See DN-1868 (ID#:83435),7.71
83614,113-ZW-T30,FPQ-8464,SO-40900,DN-2804,Zimbabwe,PMO - US,From RDC,N/A - From RDC,Truck,10/4/2011,N/A - From RDC,11-Dec-12,4-Sep-12,4-Sep-12,ARV,Adult,SCMS from RDC,"Lamivudine/Stavudine 150/30mg, tablets, 60 Tabs",Lamivudine/Stavudine,Generic,150/30mg,Tablet - FDC,60,7150,21092.5,2.95,0.05,"Strides, Bangalore, India.",No,See DN-2804 (ID#:82499),See DN-2804 (ID#:82499),34.8
18269,111-MZ-T30,FPQ-10606,SCMS-162160,ASN-17088,Mozambique,PMO - US,Direct Drop,EXW,Air,9/12/2012,10/10/2012,25-Dec-12,25-Dec-12,25-Dec-12,HRDT,HIV test,"Orgenics, Ltd","HIV 1/2, Determine Kit without Lancets, Buffer or Caplillary Tubes, 100 Tests","HIV 1/2, Determine Kit without Lancets, Buffer or Capillary Tubes, 100 Tests",Determine,,Test kit,100,81,5844.15,72.15,0.72,"Alere Medical Co., Ltd.",Yes,16,467.26,8.19
63749,133-NG-T30,FPQ-12456,SCMS-196560,ASN-21224,Nigeria,PMO - US,Direct Drop,EXW,Air,6/10/2013,7/10/2013,18-Sep-13,19-Sep-13,19-Sep-13,HRDT,HIV test,"Orgenics, Ltd","HIV 1/2, Determine Complete HIV Kit, 100 Tests","HIV 1/2, Determine Complete HIV Kit",Determine,,Test kit,100,3040,270560.0,89.0,0.89,"Alere Medical Co., Ltd.",Yes,1235,13383.47,334.68
65165,161-ZA-T30,FPQ-7175,SCMS-103810,ASN-12626,South Africa,PMO - US,Direct Drop,DDP,Ocean,3/10/2011,3/28/2011,7-Dec-11,6-Dec-11,6-Dec-11,ARV,Pediatric,CIPLA LIMITED,"Lamivudine 10mg/ml, oral solution, Bottle, 240 ml",Lamivudine,Generic,10mg/ml,Oral solution,240,40040,82482.4,2.06,0.01,"Cipla, Goa, India",Yes,Weight Captured Separately,Freight Included in Commodity Cost,136.1
7736,116-ZA-T01,Pre-PQ Process,SCMS-41200,ASN-3735,South Africa,PMO - US,Direct Drop,DDP,Air,Pre-PQ Process,Date Not Captured,30-Mar-09,21-Jan-09,21-Jan-09,ARV,Pediatric,S. BUYS WHOLESALER,"Lopinavir/Ritonavir 80/20mg/ml [Kaletra], oral solution, cool, Bottle 5 x 60 ml",Lopinavir/Ritonavir,Kaletra,80/20mg/ml,Oral solution,300,70,2163.7,30.91,0.1,ABBVIE (Abbott) Logis. UK,Yes,Weight Captured Separately,Freight Included in Commodity Cost,4.24
391,104-CI-T01,Pre-PQ Process,SCMS-18290,ASN-1879,Côte d'Ivoire,PMO - US,Direct Drop,EXW,Air,Pre-PQ Process,2/27/2008,17-Jun-08,17-Jun-08,17-Jun-08,HRDT,HIV test,BIO-RAD LABORATORIES (FRANCE),"#108853** HIV, Genie II HIV-1/HIV-2 Kit, 40 Tests","HIV, Genie II HIV-1/HIV-2 Kit",Genie,,Test kit,40,476,36176.0,76.0,1.9,Bio-Rad Laboratories,Yes,509,5446.51,57.88
27964,106-HT-T30,FPQ-15038,SCMS-263080,ASN-31775,Haiti,PMO - US,Direct Drop,EXW,Air,10/22/2014,1/28/2015,13-May-15,13-May-15,15-May-15,ARV,Adult,JANSSEN SCIENCES IRELAND UC (FORMERLY JANSSEN R&D IRELAND),"Etravirine 100mg [Intelence], tablets, 120 Tabs",Etravirine,Intelence,100mg,Tablet,120,140,5040.0,36.0,0.3,"Janssen-Cilag, Latina, IT",Yes,Weight Captured Separately,Invoiced Separately,5.18
13302,107-RW-T30,FPQ-6185,SCMS-84420,ASN-8578,Rwanda,PMO - US,Direct Drop,CIP,Air,9/3/2010,9/29/2010,2-Nov-10,2-Nov-10,2-Nov-10,ARV,Adult,MYLAN LABORATORIES LTD (FORMERLY MATRIX LABORATORIES),"Lamivudine/Tenofovir Disoproxil Fumarate 300/300mg, tablets, 30 Tabs",Lamivudine/Tenofovir Disoproxil Fumarate,Generic,300/300mg,Tablet - FDC,30,138422,1211192.5,8.75,0.29,Mylan (formerly Matrix) Nashik,Yes,13147,4781.8,2611.33
83890,104-CI-T30,FPQ-14370,SO-49050,DN-4138,Côte d'Ivoire,PMO - US,From RDC,N/A - From RDC,Truck,5/23/2014,N/A - From RDC,27-Feb-15,11-Mar-15,30-Mar-15,ARV,Adult,SCMS from RDC,"Lamivudine/Zidovudine 150/300mg, tablets, 60 Tabs",Lamivudine/Zidovudine,Generic,150/300mg,Tablet - FDC,60,100000,652000.0,6.52,0.11,Hetero Unit III Hyderabad IN,Yes,8855,33900.99,670.26
84905,103-SS-T30,FPQ-13173,SO-47100,DN-3581,South Sudan,PMO - US,From RDC,N/A - From RDC,Air,10/28/2013,N/A - From RDC,31-Mar-14,21-Mar-14,26-Mar-14,ARV,Adult,SCMS from RDC,"Lamivudine/Zidovudine 150/300mg, tablets, 60 Tabs",Lamivudine/Zidovudine,Generic,150/300mg,Tablet - FDC,60,1702,11454.46,6.73,0.11,"Cipla, Goa, India",No,See DN-3581 (ID#:83219),See DN-3581 (ID#:83219),11.78
26019,107-RW-T30,FPQ-9965,SCMS-148040,ASN-15289,Rwanda,PMO - US,Direct Drop,FCA,Air,5/25/2012,6/1/2012,29-Jun-12,29-Jun-12,29-Jun-12,ARV,Pediatric,ABBVIE LOGISTICS (FORMERLY ABBOTT LOGISTICS BV),"Lopinavir/Ritonavir 80/20mg/ml [Kaletra], oral solution, cool, Bottle 5 x 60 ml",Lopinavir/Ritonavir,Kaletra,80/20mg/ml,Oral solution,300,255,7859.1,30.82,0.1,ABBVIE (Abbott) Logis. UK,Yes,253,2455.7,11.02
16,108-VN-T01,Pre-PQ Process,SCMS-81,ASN-55,Vietnam,PMO - US,Direct Drop,EXW,Air,Pre-PQ Process,Date Not Captured,11-Aug-06,11-Aug-06,11-Aug-06,ARV,Adult,Aurobindo Pharma Limited,"Stavudine 30mg, capsules, 60 Caps",Stavudine,Generic,30mg,Capsule,60,38000,121600.0,3.2,0.05,"Aurobindo Unit III, India",Yes,7590,45450.08,
12143,117-ET-T01,Pre-PQ Process,SO-1530,DN-525,Ethiopia,PMO - US,From RDC,N/A - From RDC,Air,Pre-PQ Process,N/A - From RDC,20-Dec-07,20-Dec-07,20-Dec-07,ARV,Adult,SCMS from RDC,"Nevirapine 200mg, tablets, 60 Tabs",Nevirapine,Generic,200mg,Tablet,60,1255,4267.0,3.4,0.06,"Aurobindo Unit III, India",Yes,120,1318,6.83
82447,101-CD-T30,FPQ-8840,SO-41382,DN-2530,"Congo, DRC",PMO - US,From RDC,N/A - From RDC,Air,11/21/2011,N/A - From RDC,22-Mar-12,22-Mar-12,22-Mar-12,ARV,Adult,SCMS from RDC,"Lamivudine 150mg, tablets, 60 Tabs",Lamivudine,Generic,150mg,Tablet,60,20,46.6,2.33,0.04,Hetero Unit III Hyderabad IN,Yes,1,491.43,0.07
12228,132-NG-T01,Pre-PQ Process,SO-15540,DN-939,Nigeria,PMO - US,From RDC,N/A - From RDC,Air,Pre-PQ Process,N/A - From RDC,28-Sep-08,28-Sep-08,28-Sep-08,ARV,Adult,SCMS from RDC,"Emtricitabine/Tenofovir Disoproxil Fumarate 200/300mg [Truvada], tablets, 30 Tabs",Emtricitabine/Tenofovir Disoproxil Fumarate,Truvada,300/200mg,Tablet - FDC,30,45000,1181250.0,26.25,0.88,"Aspen-OSD, Port Elizabeth, SA",Yes,3951,11584.54,1890.0
22160,106-HT-T30,FPQ-14083,SCMS-240201,ASN-27545,Haiti,PMO - US,Direct Drop,EXW,Ocean,5/11/2014,6/2/2014,20-Oct-14,20-Oct-14,6-Nov-14,ARV,Adult,MYLAN LABORATORIES LTD (FORMERLY MATRIX LABORATORIES),"Efavirenz/Lamivudine/Tenofovir Disoproxil Fumarate 600/300/300mg, tablets, 30 Tabs",Efavirenz/Lamivudine/Tenofovir Disoproxil Fumarate,Generic,600/300/300mg,Tablet - FDC,30,46500,499410.0,10.74,0.36,Mylan (formerly Matrix) Nashik,Yes,5342,9195.61,513.39
3055,114-UG-T01,Pre-PQ Process,SCMS-18750,ASN-1611,Uganda,PMO - US,Direct Drop,EXW,Air,Pre-PQ Process,3/11/2008,22-May-08,22-May-08,22-May-08,HRDT,HIV test,"Orgenics, Ltd","HIV 1/2, Determine HIV Kit, without Lancets, 100 Tests","HIV 1/2, Determine HIV Kit, without Lancets",Determine,,Test kit,100,850,61191.5,71.99,0.72,Inverness Japan,Yes,194,2642.45,97.91
86563,114-UG-T30,FPQ-10946,SO-43650,DN-3121,Uganda,PMO - US,From RDC,N/A - From RDC,Air,11/1/2012,N/A - From RDC,9-Aug-13,9-Aug-13,9-Aug-13,ARV,Adult,SCMS from RDC,"Nevirapine 200mg, tablets, 60 Tabs",Nevirapine,Generic,200mg,Tablet,60,32298,72993.48,2.26,0.04,Hetero Unit III Hyderabad IN,No,See DN-3121 (ID#:83677),See DN-3121 (ID#:83677),90.29
12875,111-MZ-T01,Pre-PQ Process,SO-17531,DN-1181,Mozambique,PMO - US,From RDC,N/A - From RDC,Truck,Pre-PQ Process,N/A - From RDC,3-Jun-09,3-Jun-09,3-Jun-09,ARV,Adult,SCMS from RDC,"Lamivudine/Nevirapine/Stavudine 150/200/30mg, tablets, 60 Tabs",Lamivudine/Nevirapine/Stavudine,Generic,150/200/30mg,Tablet - FDC,60,135000,972000.0,7.2,0.12,"Strides, Bangalore, India.",Yes,10053,10211.52,1905.12
47536,102-BW-T30,FPQ-6645,SCMS-92630,ASN-9552,Botswana,PMO - US,Direct Drop,EXW,Air,11/11/2010,12/2/2010,2-Mar-11,2-Mar-11,2-Mar-11,HRDT,HIV test,"Orgenics, Ltd","HIV 1/2, Determine Complete HIV Kit, 100 Tests","HIV 1/2, Determine Complete HIV Kit",Determine,,Test kit,100,10,800.0,80.0,0.8,Inverness Japan,Yes,5,767.63,1.32
86592,101-CD-T30,FPQ-12033,SO-45020,DN-3268,"Congo, DRC",PMO - US,From RDC,N/A - From RDC,Air,4/8/2013,N/A - From RDC,27-Aug-13,8-Feb-14,11-Mar-14,ARV,Adult,SCMS from RDC,"Nevirapine 200mg, tablets, 60 Tabs",Nevirapine,Generic,200mg,Tablet,60,761,1719.86,2.26,0.04,"Aurobindo Unit III, India",No,See DN-3268 (ID#:82595),See DN-3268 (ID#:82595),2.13
11390,104-CI-T01,Pre-PQ Process,SO-594,DN-198,Côte d'Ivoire,PMO - US,From RDC,N/A - From RDC,,Pre-PQ Process,N/A - From RDC,25-Jun-07,25-Jun-07,25-Jun-07,ARV,Adult,SCMS from RDC,"Abacavir 300mg, tablets, 60 Tabs",Abacavir,Generic,300mg,Tablet,60,957,34260.6,35.8,0.6,"Aurobindo Unit III, India",Yes,95,1448,54.82
86131,111-MZ-T30,FPQ-14226,SO-48870,DN-3903,Mozambique,PMO - US,From RDC,N/A - From RDC,Truck,5/2/2014,N/A - From RDC,30-Dec-14,30-Oct-14,13-Nov-14,ARV,Adult,SCMS from RDC,"Lopinavir/Ritonavir 200/50mg, tablets, 120 Tabs",Lopinavir/Ritonavir,Generic,200/50mg,Tablet,120,14480,285400.8,19.71,0.16,"Aurobindo Unit III, India",Yes,7039,5192.68,293.39
37752,101-CD-T30,FPQ-16001,SCMS-280210,ASN-31750,"Congo, DRC",PMO - US,Direct Drop,EXW,Air,3/10/2015,3/16/2015,2-Jul-15,2-Jul-15,30-Jul-15,HRDT,HIV test,"Trinity Biotech, Plc","HIV 1/2, Uni-Gold HIV Kit, 20 Tests","HIV 1/2, Uni-Gold HIV Kit",Uni-Gold,,Test kit,20,65,2080.0,32.0,1.6,"Trinity Biotech, Plc",No,See ASN-31750 (ID#:19272),See ASN-31750 (ID#:19272),2.45
82901,151-NG-T30,FPQ-5023,SO-36505,DN-1918,Nigeria,PMO - US,From RDC,N/A - From RDC,Air,2/10/2010,N/A - From RDC,15-Jul-10,28-Jun-10,28-Jun-10,ARV,Adult,SCMS from RDC,"Zidovudine 300mg, tablets, 60 Tabs",Zidovudine,Generic,300mg,Tablet,60,30,225.0,7.5,0.12,"Aurobindo Unit III, India",Yes,2,Freight Included in Commodity Cost,0.49
83639,103-ZW-T30,FPQ-9907,SO-42220,DN-2942,Zimbabwe,PMO - US,From RDC,N/A - From RDC,Truck,5/15/2012,N/A - From RDC,14-Dec-12,11-Dec-12,11-Dec-12,ARV,Pediatric,SCMS from RDC,"Lamivudine/Nevirapine/Zidovudine 30/50/60mg, dispersible tablets, 60 Tabs",Lamivudine/Nevirapine/Zidovudine,Generic,30/50/60mg,Chewable/dispersible tablet - FDC,60,135933,564121.95,4.15,0.07,Mylan (formerly Matrix) Nashik,No,See DN-2942 (ID#:82530),See DN-2942 (ID#:82530),790.9
38312,114-UG-T30,FPQ-4373,SCMS-58230,ASN-6154,Uganda,PMO - US,Direct Drop,FCA,Air,11/25/2009,12/2/2009,10-Mar-10,10-Mar-10,10-Mar-10,ARV,Adult,ABBVIE LOGISTICS (FORMERLY ABBOTT LOGISTICS BV),"Ritonavir 100mg [Norvir], capsules, cool, 4 x 84 Caps",Ritonavir,Norvir,100mg,Capsule,336,21,805.56,38.36,0.11,ABBVIE (Abbott) Logis. UK,Yes,58,776.62,1.58
82919,113-ZW-T30,FPQ-4694,SO-35380,DN-2019,Zimbabwe,PMO - US,From RDC,N/A - From RDC,Truck,12/8/2009,N/A - From RDC,30-Sep-10,4-Oct-10,4-Oct-10,ARV,Adult,SCMS from RDC,"Lamivudine/Stavudine 150/30mg, tablets, 60 Tabs",Lamivudine/Stavudine,Generic,150/30mg,Tablet - FDC,60,5900,19352.0,3.28,0.05,"Cipla, Goa, India",Yes,18105,16594.87,41.72
85212,102-KE-T30,FPQ-8736,SO-41070,DN-2436,Kenya,PMO - US,From RDC,N/A - From RDC,Air,11/1/2011,N/A - From RDC,30-Nov-11,11-Nov-11,11-Nov-11,ARV,Pediatric,SCMS from RDC,"Nevirapine 10mg/ml, oral suspension w/syringe, Bottle, 240 ml",Nevirapine,Generic,10mg/ml,Oral suspension,240,4000,7800.0,1.95,0.01,"Aurobindo Unit III, India",Yes,1496,5752.74,10.94
83575,105-GY-T30,FPQ-8620,SO-41010,DN-2576,Guyana,PMO - US,From RDC,N/A - From RDC,Air,10/27/2011,N/A - From RDC,30-Mar-12,19-Mar-12,19-Mar-12,ARV,Adult,SCMS from RDC,"Abacavir 300mg, tablets, 60 Tabs",Abacavir,Generic,300mg,Tablet,60,127,1858.01,14.63,0.24,Mylan (formerly Matrix) Nashik,Yes,25,211,2.6
43897,110-ZM-T30,FPQ-4691,SCMS-60710,ASN-6292,Zambia,PMO - US,Direct Drop,EXW,Air,12/16/2009,12/22/2009,18-Mar-10,18-Mar-10,18-Mar-10,HRDT,HIV test,"Orgenics, Ltd","HIV 1/2, Determine Complete HIV Kit, 100 Tests","HIV 1/2, Determine Complete HIV Kit",Determine,,Test kit,100,2161,155592.0,72.0,0.72,Inverness Japan,Yes,1051,16633.36,335.46
12257,123-NG-T01,Pre-PQ Process,SO-2554,DN-960,Nigeria,PMO - US,From RDC,N/A - From RDC,Air,Pre-PQ Process,N/A - From RDC,30-Oct-08,30-Oct-08,30-Oct-08,ARV,Adult,SCMS from RDC,"Zidovudine 300mg, tablets, 60 Tabs",Zidovudine,Generic,300mg,Tablet,60,5641,45974.15,8.15,0.14,"Aurobindo Unit III, India",No,See DN-960 (ID#:11945),See DN-960 (ID#:11945),90.11
11379,110-ZM-T01,Pre-PQ Process,SO-536,DN-136,Zambia,PMO - US,From RDC,N/A - From RDC,Air,Pre-PQ Process,N/A - From RDC,21-May-07,21-May-07,21-May-07,HRDT,HIV test,SCMS from RDC,"HIV 1/2, Bioline 3.0 Kit, Lancets, Capillary pipets, Alcohol swabs included, 25 Tests","HIV 1/2, Bioline 3.0 Kit, Lancets, Capillary pipets, Alcohol swabs included",Bioline,,Test kit,25,452,9040.0,20.0,0.8,"Standard Diagnostics, Korea",Yes,Weight Captured Separately,1250.72,
30022,114-UG-T30,FPQ-11141,SCMS-173460,ASN-18714,Uganda,PMO - US,Direct Drop,EXW,Air,12/13/2012,2/5/2013,28-Mar-13,28-Mar-13,28-Mar-13,ARV,Adult,Aurobindo Pharma Limited,"Didanosine 250mg, delayed-release capsules, 30 Caps",Didanosine,Generic,250mg,Delayed-release capsules,30,677,8801.0,13.0,0.43,"Aurobindo Unit III, India",Yes,46,1458.88,10.89
85916,151-NG-T30,FPQ-9968,SO-43430,DN-2909,Nigeria,PMO - US,From RDC,N/A - From RDC,Air,5/23/2012,N/A - From RDC,7-Nov-12,7-Nov-12,7-Nov-12,ARV,Adult,SCMS from RDC,"Lamivudine/Nevirapine/Zidovudine 150/200/300mg, tablets, 60 Tabs",Lamivudine/Nevirapine/Zidovudine,Generic,150/300/200mg,Tablet - FDC,60,116000,1115920.0,9.62,0.16,Hetero Unit III Hyderabad IN,Yes,17521,15459.09,1564.52
10988,110-ZM-T01,Pre-PQ Process,SO-2495,DN-1006,Zambia,PMO - US,From RDC,N/A - From RDC,Truck,Pre-PQ Process,N/A - From RDC,1-Dec-08,1-Dec-08,1-Dec-08,ARV,Adult,SCMS from RDC,"Nevirapine 200mg, tablets, 60 Tabs",Nevirapine,Generic,200mg,Tablet,60,44432,151068.8,3.4,0.06,Hetero Unit III Hyderabad IN,Yes,2503,3629.37,296.09
71574,105-SS-T30,FPQ-11539,SCMS-176930,ASN-19142,South Sudan,PMO - US,Direct Drop,EXW,Air,1/24/2013,2/26/2013,20-Jul-13,20-Jul-13,20-Jul-13,HRDT,HIV test - Ancillary,"Orgenics, Ltd","Capillary Tubes, for Determine, EDTA, 50uL,100 Pcs","HIV, Capillary Tubes, for Determine, EDTA, 50uL,100 Pcs",Determine,,Test kit - Ancillary,100,115,920.0,8.0,0.08,"Alere Medical Co., Ltd.",No,See ASN-19142 (ID#:22600),See ASN-19142 (ID#:22600),1.14
8713,102-BW-T01,Pre-PQ Process,SCMS-31360,ASN-2737,Botswana,PMO - US,Direct Drop,EXW,Air,Pre-PQ Process,10/2/2008,20-Nov-08,20-Nov-08,20-Nov-08,HRDT,HIV test - Ancillary,Orasure Technologies Inc.,"#109435**HIV, OraQuick Controls Kit, 3 Vials","HIV, OraQuick Controls Kit, 3 Vials",OraQuick,,Test kit - Ancillary,3,10,152.5,15.25,5.08,"Orasure Technologies, Inc USA",Yes,7,526.05,0.3
84589,102-UG-T30,FPQ-6202,SO-37260,DN-1998,Uganda,PMO - US,From RDC,N/A - From RDC,Air,8/6/2010,N/A - From RDC,30-Sep-10,23-Aug-10,23-Aug-10,ARV,Adult,SCMS from RDC,"Efavirenz 600mg, tablets, 30 Tabs",Efavirenz,Generic,600mg,Tablet,30,71991,320359.95,4.45,0.15,"Strides, Bangalore, India.",Yes,7187,16285.97,690.7
84361,101-CD-T30,FPQ-13554,SO-47631,DN-3654,"Congo, DRC",PMO - US,From RDC,N/A - From RDC,Air,1/15/2014,N/A - From RDC,15-Aug-14,15-Aug-14,5-Sep-14,ARV,Adult,SCMS from RDC,"Zidovudine 300mg, tablets, 60 Tabs",Zidovudine,Generic,300mg,Tablet,60,1000,5500.0,5.5,0.09,"Aurobindo Unit III, India",Yes,204,3298.78,5.65
68457,161-ZA-T30,FPQ-6708,SCMS-93550,ASN-11511,South Africa,PMO - US,Direct Drop,DDP,Ocean,11/26/2010,12/14/2010,13-Jun-11,5-Sep-11,5-Sep-11,ARV,Adult,Aurobindo Pharma Limited,"Tenofovir Disoproxil Fumarate 300mg, tablets, 30 Tabs",Tenofovir Disoproxil Fumarate,Generic,300mg,Tablet,30,29031,193056.15,6.65,0.22,"Aurobindo Unit III, India",Yes,Weight Captured Separately,Freight Included in Commodity Cost,318.54
65619,116-ZA-T30,FPQ-4770,SCMS-60190,ASN-5907,South Africa,PMO - US,Direct Drop,DDP,Truck,12/17/2009,12/23/2009,29-Dec-09,29-Dec-09,29-Dec-09,ARV,Pediatric,S. BUYS WHOLESALER,"Lopinavir/Ritonavir 80/20mg/ml [Kaletra], oral solution, cool, Bottle 5 x 60 ml",Lopinavir/Ritonavir,Kaletra,80/20mg/ml,Oral solution,300,60,2433.47,40.56,0.14,ABBVIE (Abbott) Logis. UK,No,Weight Captured Separately,Freight Included in Commodity Cost,5.25
11191,112-NG-T01,Pre-PQ Process,SO-1224,DN-410,Nigeria,PMO - US,From RDC,N/A - From RDC,Air,Pre-PQ Process,N/A - From RDC,4-Dec-07,4-Dec-07,4-Dec-07,ARV,Pediatric,SCMS from RDC,"Efavirenz 200mg, capsule, 90 Caps",Efavirenz,Generic,200mg,Capsule,90,400,6400.0,16.0,0.18,"Aurobindo Unit III, India",Yes,38,1161.13,10.24
86394,111-MZ-T30,FPQ-7053,SO-39830,DN-2264,Mozambique,PMO - US,From RDC,N/A - From RDC,Truck,1/24/2011,N/A - From RDC,31-Aug-11,1-Sep-11,1-Sep-11,ARV,Pediatric,SCMS from RDC,"Zidovudine 10mg/ml, oral solution w/syringe, Bottle, 240 ml",Zidovudine,Generic,10mg/ml,Oral solution,240,6250,12625.0,2.02,0.01,"Aurobindo Unit III, India",Yes,2409,3525.03,20.83
12920,111-MZ-T01,Pre-PQ Process,SO-26425,DN-1455,Mozambique,PMO - US,From RDC,N/A - From RDC,Truck,Date Not Captured,N/A - From RDC,17-Sep-09,17-Sep-09,17-Sep-09,ARV,Adult,SCMS from RDC,"Lamivudine/Nevirapine/Stavudine 150/200/30mg, tablets, 60 Tabs",Lamivudine/Nevirapine/Stavudine,Generic,150/200/30mg,Tablet - FDC,60,1604,11420.48,7.12,0.12,"Strides, Bangalore, India.",Yes,120,1799.88,22.38
39647,108-VN-T30,FPQ-7565,SCMS-107610,ASN-11722,Vietnam,PMO - US,Direct Drop,EXW,Air,4/21/2011,5/4/2011,5-Sep-11,5-Sep-11,5-Sep-11,ARV,Adult,Aurobindo Pharma Limited,"Lamivudine/Nevirapine/Zidovudine 150/200/300mg, tablets, 60 Tabs",Lamivudine/Nevirapine/Zidovudine,Generic,150/300/200mg,Tablet - FDC,60,20000,219000.0,10.95,0.18,"Aurobindo Unit III, India",Yes,2675,9656.19,361.35
46082,117-ET-T30,FPQ-9210,SCMS-134740,ASN-14557,Ethiopia,PMO - US,Direct Drop,EXW,Air,1/18/2012,1/23/2012,25-Apr-12,25-Apr-12,25-Apr-12,HRDT,HIV test,"Trinity Biotech, Plc","HIV 1/2, Uni-Gold HIV Kit, 20 Tests","HIV 1/2, Uni-Gold HIV Kit",Uni-Gold,,Test kit,20,43,1376.0,32.0,1.6,"Trinity Biotech, Plc",Yes,15,406.68,1.93
83277,107-RW-T30,FPQ-14111,SO-48780,DN-3931,Rwanda,PMO - US,From RDC,N/A - From RDC,Air,4/22/2014,N/A - From RDC,31-Oct-14,24-Sep-14,25-Sep-14,ARV,Pediatric,SCMS from RDC,"Lamivudine/Nevirapine/Zidovudine 30/50/60mg, dispersible tablets, 60 Tabs",Lamivudine/Nevirapine/Zidovudine,Generic,30/50/60mg,Chewable/dispersible tablet - FDC,60,2196,8235.0,3.75,0.06,"Strides, Bangalore, India.",Yes,98,993.2,8.47
84129,110-ZM-T30,FPQ-7767,SO-40260,DN-2486,Zambia,PMO - US,From RDC,N/A - From RDC,Truck,7/26/2011,N/A - From RDC,29-Feb-12,20-Jan-12,20-Jan-12,ARV,Adult,SCMS from RDC,"Nevirapine 200mg, tablets, 60 Tabs",Nevirapine,Generic,200mg,Tablet,60,200000,502000.0,2.51,0.04,"Aurobindo Unit VII, IN",Yes,19257,6476.69,828.3
25752,161-ZA-T30,FPQ-5303,SCMS-68710,ASN-6750,South Africa,PMO - US,Direct Drop,DDP,Air,3/18/2010,3/19/2010,11-Jun-10,11-Jun-10,11-Jun-10,ARV,Adult,CIPLA LIMITED,"Tenofovir Disoproxil Fumarate 300mg, tablets, 30 Tabs",Tenofovir Disoproxil Fumarate,Generic,300mg,Tablet,30,38890,304119.8,7.82,0.26,"Cipla, Goa, India",Yes,2649,3908.55,655.68
21230,109-TZ-T30,FPQ-12286,SCMS-193860,ASN-21926,Tanzania,PMO - US,Direct Drop,EXW,Air,5/16/2013,6/11/2013,21-Nov-13,21-Nov-13,21-Nov-13,ARV,Adult,HETERO LABS LIMITED,"Efavirenz/Lamivudine/Tenofovir Disoproxil Fumarate 600/300/300mg, tablets, 30 Tabs",Efavirenz/Lamivudine/Tenofovir Disoproxil Fumarate,Generic,600/300/300mg,Tablet - FDC,30,200000,2100000.0,10.5,0.35,Hetero Unit III Hyderabad IN,Yes,28168,127285.48,2597.7
3456,108-VN-T01,Pre-PQ Process,SCMS-31730,ASN-3313,Vietnam,PMO - US,Direct Drop,EXW,Air,Pre-PQ Process,10/21/2008,23-Feb-09,23-Feb-09,23-Feb-09,ARV,Adult,Aurobindo Pharma Limited,"Lamivudine 150mg, tablets, 60 Tabs",Lamivudine,Generic,150mg,Tablet,60,6156,14774.4,2.4,0.04,"Aurobindo Unit III, India",Yes,1044,3854.23,28.96
37829,108-VN-T30,FPQ-12539,SCMS-199710,ASN-23182,Vietnam,PMO - US,Direct Drop,FCA,Air,7/11/2013,7/30/2013,8-Jan-14,8-Jan-14,8-Jan-14,ARV,Adult,ABBVIE LOGISTICS (FORMERLY ABBOTT LOGISTICS BV),"Lopinavir/Ritonavir 200/50mg [Aluvia], tablets, 120 Tabs",Lopinavir/Ritonavir,Aluvia,200/50mg,Tablet,120,7067,429814.94,60.82,0.51,ABBVIE Ludwigshafen Germany,No,See ASN-23182 (ID#:16967),See ASN-23182 (ID#:16967),531.68
11005,106-HT-T01,Pre-PQ Process,SO-23750,DN-1100,Haiti,PMO - US,From RDC,N/A - From RDC,Air,Pre-PQ Process,N/A - From RDC,3-Mar-09,3-Mar-09,3-Mar-09,ARV,Pediatric,SCMS from RDC,"Efavirenz 30mg/ml [Stocrin/Sustiva], oral solution, Bottle, 180 ml",Efavirenz,Stocrin/Sustiva,30mg/ml,Oral solution,180,325,5512.0,16.96,0.09,"MSD, Haarlem, NL",Yes,2085,23866.2,10.8
83092,110-ZM-T30,FPQ-10530,SO-43151,DN-2931,Zambia,PMO - US,From RDC,N/A - From RDC,Truck,8/21/2012,N/A - From RDC,26-Dec-12,17-Dec-12,17-Dec-12,ARV,Adult,SCMS from RDC,"Lamivudine 150mg, tablets, 60 Tabs",Lamivudine,Generic,150mg,Tablet,60,15393,33248.88,2.16,0.04,Hetero Unit III Hyderabad IN,Yes,768,5213.54,46.61
54461,107-RW-T30,FPQ-8365,SCMS-126490,ASN-14125,Rwanda,PMO - US,Direct Drop,EXW,Air,10/26/2011,11/9/2011,30-Mar-12,30-Mar-12,30-Mar-12,ARV,Adult,Aurobindo Pharma Limited,"Didanosine 250mg, delayed-release capsules, 30 Caps",Didanosine,Generic,250mg,Delayed-release capsules,30,754,9802.0,13.0,0.43,"Aurobindo Unit III, India",No,See ASN-14125 (ID#:22658),See ASN-14125 (ID#:22658),16.17
21942,116-ZA-T30,FPQ-14942,SCMS-259075,ASN-32138,South Africa,PMO - US,Direct Drop,DDP,Truck,9/11/2014,5/11/2015,12-May-15,12-May-15,12-May-15,ARV,Adult,PHARMACY DIRECT,"Nevirapine 200mg, tablets, 60 Tabs",Nevirapine,Generic,200mg,Tablet,60,3,38.47,12.82,0.21,"Aurobindo Unit III, India",No,Weight Captured Separately,Freight Included in Commodity Cost,0.04
44567,107-RW-T30,FPQ-10223,SCMS-152910,ASN-15894,Rwanda,PMO - US,Direct Drop,EXW,Air,7/5/2012,7/16/2012,9-Sep-12,9-Sep-12,9-Sep-12,ARV,Adult,Aurobindo Pharma Limited,"Nevirapine 200mg, tablets, 60 Tabs",Nevirapine,Generic,200mg,Tablet,60,57961,130412.25,2.25,0.04,"Aurobindo Unit III, India",Yes,5525,43237.33,182.84
85377,113-ZW-T30,FPQ-11545,SO-44340,DN-3231,Zimbabwe,PMO - US,From RDC,N/A - From RDC,Truck,1/24/2013,N/A - From RDC,31-Jul-13,6-Aug-13,6-Aug-13,ARV,Adult,SCMS from RDC,"Nevirapine 200mg, tablets, 60 Tabs",Nevirapine,Generic,200mg,Tablet,60,98203,221938.78,2.26,0.04,"Cipla, Goa, India",No,See DN-3231 (ID#:84831),See DN-3231 (ID#:84831),274.54
54666,114-UG-T30,FPQ-12855,SCMS-203960,ASN-24026,Uganda,PMO - US,Direct Drop,CIP,Air,8/19/2013,8/22/2013,22-Jan-14,22-Jan-14,21-Feb-14,ARV,Adult,MYLAN LABORATORIES LTD (FORMERLY MATRIX LABORATORIES),"Abacavir/Lamivudine 600/300mg, tablets, 30 Tabs",Abacavir/Lamivudine,Generic,600/300mg,Tablet - FDC,30,8215,110820.35,13.49,0.45,Mylan (formerly Matrix) Nashik,Yes,805,1003.18,137.08
11500,119-NA-T01,Pre-PQ Process,SO-1418,DN-492,Namibia,PMO - US,From RDC,N/A - From RDC,Air,Pre-PQ Process,N/A - From RDC,30-Nov-07,30-Nov-07,30-Nov-07,HRDT,HIV test,SCMS from RDC,"HIV 1/2, Clearview Complete Kit, 25 Tests","HIV 1/2, Clearview Complete Kit",Clearview,,Test kit,25,100,7500.0,75.0,3.0,Inverness USA,Yes,61,870.4,12.0
83207,114-UG-T30,FPQ-12253,SO-45530,DN-3538,Uganda,PMO - US,From RDC,N/A - From RDC,Truck,5/8/2013,N/A - From RDC,28-Feb-14,7-Mar-14,12-Mar-14,ARV,Adult,SCMS from RDC,"Lamivudine/Tenofovir Disoproxil Fumarate 300/300mg, tablets, 30 Tabs",Lamivudine/Tenofovir Disoproxil Fumarate,Generic,300/300mg,Tablet - FDC,30,40800,191760.0,4.7,0.16,Hetero Unit III Hyderabad IN,Yes,4187,16821.66,237.21
22301,108-VN-T30,FPQ-10287,SCMS-156280,ASN-17513,Vietnam,PMO - US,Direct Drop,EXW,Air,7/25/2012,8/14/2012,28-Dec-12,28-Dec-12,28-Dec-12,ARV,Adult,MYLAN LABORATORIES LTD (FORMERLY MATRIX LABORATORIES),"Efavirenz/Lamivudine/Tenofovir Disoproxil Fumarate 600/300/300mg, tablets, 30 Tabs",Efavirenz/Lamivudine/Tenofovir Disoproxil Fumarate,Generic,600/300/300mg,Tablet - FDC,30,23251,278779.49,11.99,0.4,Mylan (formerly Matrix) Nashik,Yes,2641,4503.42,390.85
58252,105-SS-T30,FPQ-9807,SCMS-147640,ASN-15985,South Sudan,PMO - US,Direct Drop,EXW,Air,5/18/2012,6/20/2012,20-Sep-12,20-Sep-12,20-Sep-12,HRDT,HIV test - Ancillary,"Orgenics, Ltd","Capillary Tubes, for Determine, EDTA, 50uL,100 Pcs","HIV, Capillary Tubes, for Determine, EDTA, 50uL,100 Pcs",Determine,,Test kit - Ancillary,100,326,2608.0,8.0,0.08,"Alere Medical Co., Ltd.",No,See ASN-15985 (ID#:30320),See ASN-15985 (ID#:30320),3.66
58555,108-VN-T30,FPQ-7898,SCMS-113610,ASN-13012,Vietnam,PMO - US,Direct Drop,EXW,Air,6/27/2011,7/8/2011,20-Dec-11,20-Dec-11,20-Dec-11,ARV,Adult,STRIDES ARCOLAB LIMITED,"Lamivudine 150mg, tablets, 60 Tabs",Lamivudine,Generic,150mg,Tablet,60,16645,39115.75,2.35,0.04,"Strides, Bangalore, India.",Yes,742,5440.01,64.54
28210,900-TZ-T30,FPQ-10394,SCMS-156500,ASN-16217,Tanzania,PMO - US,Direct Drop,EXW,Air,7/26/2012,8/9/2012,9-Oct-12,9-Oct-12,9-Oct-12,ARV,Adult,Aurobindo Pharma Limited,"Efavirenz 600mg, tablets, 30 Tabs",Efavirenz,Generic,600mg,Tablet,30,64980,214434.0,3.3,0.11,"Aurobindo Unit III, India",Yes,5578,18826.62,300.64
85275,104-CI-T30,FPQ-8790,SO-41182,DN-2716,Côte d'Ivoire,PMO - US,From RDC,N/A - From RDC,Air,11/11/2011,N/A - From RDC,16-Jul-12,3-Jul-12,3-Jul-12,ARV,Adult,SCMS from RDC,"Abacavir/Lamivudine/Zidovudine 300/150/300mg, tablets, 60 Tabs",Abacavir/Lamivudine/Zidovudine,Generic,300/150/300mg,Tablet - FDC,60,1840,55200.0,30.0,0.5,Mylan (formerly Matrix) Nashik,No,See DN-2716 (ID#:83597),See DN-2716 (ID#:83597),77.39
45178,105-SS-T30,FPQ-12623,SCMS-200910,ASN-22040,South Sudan,PMO - US,Direct Drop,EXW,Air,7/18/2013,8/5/2013,8-Nov-13,8-Nov-13,11-Nov-13,HRDT,HIV test,"Orgenics, Ltd","HIV 1/2, Determine Complete HIV Kit, 100 Tests","HIV 1/2, Determine Complete HIV Kit",Determine,,Test kit,100,450,40050.0,89.0,0.89,"Alere Medical Co., Ltd.",Yes,188,2997.85,49.54
75595,122-HT-T30,FPQ-8671,SCMS-131030,ASN-13447,Haiti,PMO - US,Direct Drop,EXW,Air,11/9/2011,12/29/2011,23-Jan-12,23-Jan-12,23-Jan-12,MRDT,Malaria,"Standard Diagnostics, Inc.","Malaria Antigen P.f , HRP2, Kit, 25 Tests","Malaria Antigen P.f , HRP2, Kit",Generic,,Test kit,25,4,45.0,11.25,0.45,"Standard Diagnostics, Korea",Yes,2,702.42,0.06
86545,111-MZ-T30,FPQ-11033,SO-43800,DN-3002,Mozambique,PMO - US,From RDC,N/A - From RDC,Truck,11/12/2012,N/A - From RDC,22-Mar-13,22-Mar-13,22-Mar-13,ARV,Adult,SCMS from RDC,"Efavirenz 600mg, tablets, 30 Tabs",Efavirenz,Generic,600mg,Tablet,30,38000,135280.0,3.56,0.12,"Hetero, Jadcherla, unit 5, IN",Yes,3140,7733.77,167.34
11683,104-CI-T01,Pre-PQ Process,SO-33230,DN-1427,Côte d'Ivoire,PMO - US,From RDC,N/A - From RDC,Air,Date Not Captured,N/A - From RDC,25-Sep-09,25-Sep-09,25-Sep-09,ARV,Adult,SCMS from RDC,"Lamivudine 150mg, tablets, 60 Tabs",Lamivudine,Generic,150mg,Tablet,60,4400,10736.0,2.44,0.04,"Aurobindo Unit III, India",Yes,640,5678.7,21.04
5243,104-CI-T01,Pre-PQ Process,SCMS-40,ASN-26,Côte d'Ivoire,PMO - US,Direct Drop,EXW,Air,Pre-PQ Process,Date Not Captured,8-Aug-06,8-Aug-06,8-Aug-06,HRDT,HIV test,RANBAXY Fine Chemicals LTD.,"HIV, Reveal G3 Rapid HIV-1 Antibody Test, 30 Tests","HIV, Reveal G3 Rapid HIV-1 Antibody Test",Reveal,,Test kit,30,19,551.0,29.0,0.97,Ranbaxy Fine Chemicals LTD,Yes,13,859.53,
77309,102-SD-T30,FPQ-8261,SCMS-120443,ASN-12835,Sudan,PMO - US,Direct Drop,EXW,Air,8/29/2011,9/14/2011,6-Jan-12,6-Jan-12,6-Jan-12,HRDT,HIV test,"Orgenics, Ltd","HIV 1/2, Determine Complete HIV Kit, 100 Tests","HIV 1/2, Determine Complete HIV Kit",Determine,,Test kit,100,22,1958.0,89.0,0.89,"Alere Medical Co., Ltd.",Yes,11,978.41,3.23
84917,104-CI-T30,FPQ-13142,SO-47131,DN-3632,Côte d'Ivoire,PMO - US,From RDC,N/A - From RDC,Truck,10/22/2013,N/A - From RDC,30-Apr-14,25-Apr-14,11-Jun-14,ARV,Adult,SCMS from RDC,"Efavirenz/Lamivudine/Tenofovir Disoproxil Fumarate 600/300/300mg, tablets, 30 Tabs",Efavirenz/Lamivudine/Tenofovir Disoproxil Fumarate,Generic,600/300/300mg,Tablet - FDC,30,52200,562716.0,10.78,0.36,Hetero Unit III Hyderabad IN,No,See DN-3632 (ID#:82665),See DN-3632 (ID#:82665),578.47
64913,101-CD-T30,FPQ-14100,SCMS-239410,ASN-26738,"Congo, DRC",PMO - US,Direct Drop,EXW,Air,4/23/2014,5/20/2014,5-Sep-14,5-Sep-14,16-Sep-14,HRDT,HIV test,"Trinity Biotech, Plc","HIV 1/2, Uni-Gold HIV Kit, 20 Tests","HIV 1/2, Uni-Gold HIV Kit",Uni-Gold,,Test kit,20,32,1024.0,32.0,1.6,"Trinity Biotech, Plc",No,See ASN-26738 (ID#:15115),See ASN-26738 (ID#:15115),1.05
5800,116-ZA-T01,Pre-PQ Process,SCMS-23500,ASN-2293,South Africa,PMO - US,Direct Drop,DDP,Truck,Pre-PQ Process,Date Not Captured,20-Aug-08,8-May-08,8-May-08,ARV,Pediatric,S. BUYS WHOLESALER,"Didanosine 100mg [Videx],chewable tablets, 60 Tabs",Didanosine,Videx,100mg,Chewable/dispersible tablet,60,4,56.16,14.04,0.23,"BMS Meymac, France",No,Weight Captured Separately,Freight Included in Commodity Cost,0.09
42851,102-SD-T30,FPQ-8264,SCMS-121843,ASN-12831,Sudan,PMO - US,Direct Drop,EXW,Air,9/7/2011,9/14/2011,6-Jan-12,6-Jan-12,6-Jan-12,HRDT,HIV test - Ancillary,"Orgenics, Ltd","Capillary Tubes, for Determine, EDTA, 50uL,100 Pcs","HIV, Capillary Tubes, for Determine, EDTA, 50uL,100 Pcs",Determine,,Test kit - Ancillary,100,1,8.0,8.0,0.08,"Alere Medical Co., Ltd.",Yes,2,885.49,0.01
5249,108-VN-T01,Pre-PQ Process,SCMS-79,ASN-53,Vietnam,PMO - US,Direct Drop,CIP,Air,Pre-PQ Process,Date Not Captured,15-Sep-06,15-Sep-06,15-Sep-06,ARV,Adult,ABBVIE LOGISTICS (FORMERLY ABBOTT LOGISTICS BV),"Lopinavir/Ritonavir 133.3/33.3mg [Kaletra], capsules, cool, 2 x 90 Caps",Lopinavir/Ritonavir,Kaletra,133.3/33.3mg,Capsule,180,198,35802.36,180.82,1.0,ABBVIE (Abbott) St. P'burg USA,Yes,389,7286.16,
86668,109-TZ-T30,FPQ-13042,SO-46673,DN-3614,Tanzania,PMO - US,From RDC,N/A - From RDC,Truck,10/1/2013,N/A - From RDC,30-Apr-14,7-May-14,13-Jun-14,ARV,Adult,SCMS from RDC,"Abacavir 300mg, tablets, 60 Tabs",Abacavir,Generic,300mg,Tablet,60,27293,306500.39,11.23,0.19,Mylan (formerly Matrix) Nashik,Yes,2525,2352.53,379.14
11425,111-MZ-T01,Pre-PQ Process,SO-499,DN-258,Mozambique,PMO - US,From RDC,N/A - From RDC,Air,Pre-PQ Process,N/A - From RDC,15-Aug-07,15-Aug-07,15-Aug-07,ARV,Pediatric,SCMS from RDC,"Efavirenz 200mg, capsule, 90 Caps",Efavirenz,Generic,200mg,Capsule,90,422,7152.9,16.95,0.19,"Aurobindo Unit III, India",Yes,514,740.43,11.44
43875,116-ZA-T30,FPQ-13973,SCMS-238551,ASN-26882,South Africa,PMO - US,Direct Drop,DDP,Truck,4/30/2014,6/25/2014,25-Jun-14,25-Jun-14,25-Jun-14,ARV,Adult,PHARMACY DIRECT,"Nevirapine 200mg, tablets, 60 Tabs",Nevirapine,Generic,200mg,Tablet,60,23,408.18,17.75,0.3,"Aurobindo Unit III, India",No,Weight Captured Separately,Freight Included in Commodity Cost,0.42
40373,109-TZ-T30,FPQ-6925,SCMS-97130,ASN-9833,Tanzania,PMO - US,Direct Drop,EXW,Air,12/27/2010,2/2/2011,29-Mar-11,29-Mar-11,29-Mar-11,HRDT,HIV test,"Trinity Biotech, Plc","HIV 1/2, Uni-Gold HIV Kit, 20 Tests","HIV 1/2, Uni-Gold HIV Kit",Uni-Gold,,Test kit,20,30,960.0,32.0,1.6,"Trinity Biotech, Plc",Yes,10,910.73,1.58
86090,114-UG-T30,FPQ-13108,SO-46875,DN-3732,Uganda,PMO - US,From RDC,N/A - From RDC,Truck,10/16/2013,N/A - From RDC,30-Jun-14,30-Jun-14,1-Jul-14,ARV,Adult,SCMS from RDC,"Lamivudine/Nevirapine/Zidovudine 150/200/300mg, tablets, 60 Tabs",Lamivudine/Nevirapine/Zidovudine,Generic,150/300/200mg,Tablet - FDC,60,30,243.3,8.11,0.14,"Cipla, Goa, India",No,See DN-3732 (ID#:82680),See DN-3732 (ID#:82680),0.25
46869,104-CI-T30,FPQ-14253,SCMS-243780,ASN-30382,Côte d'Ivoire,PMO - US,Direct Drop,EXW,Air,5/14/2014,7/9/2014,20-Feb-15,20-Feb-15,23-Feb-15,HRDT,HIV test,"Standard Diagnostics, Inc.","HIV 1/2, Bioline 3.0 Kit, Lancets, Capillary pipets, Alcohol swabs included, 25 Tests","HIV 1/2, Bioline 3.0 Kit, Lancets, Capillary pipets, Alcohol swabs included",Bioline,,Test kit,25,1400,28700.0,20.5,0.82,"Standard Diagnostics, Korea",Yes,437,5408.93,29.5
26002,101-CD-T30,FPQ-13548,SCMS-224840,ASN-24721,"Congo, DRC",PMO - US,Direct Drop,EXW,Air,1/22/2014,1/28/2014,4-Apr-14,4-Apr-14,28-Apr-14,HRDT,HIV test,"Trinity Biotech, Plc","HIV 1/2, Uni-Gold HIV Kit, 20 Tests","HIV 1/2, Uni-Gold HIV Kit",Uni-Gold,,Test kit,20,17,544.0,32.0,1.6,"Trinity Biotech, Plc",No,See ASN-24721 (ID#:13708),See ASN-24721 (ID#:13708),0.56
4303,107-RW-T01,Pre-PQ Process,SCMS-18350,ASN-1401,Rwanda,PMO - US,Direct Drop,EXW,Air,Pre-PQ Process,2/26/2008,11-Jul-08,11-Jul-08,11-Jul-08,HRDT,HIV test,"Trinity Biotech, Plc","HIV 1/2, Uni-Gold HIV Kit, 20 Tests","HIV 1/2, Uni-Gold HIV Kit",Uni-Gold,,Test kit,20,3150,100800.0,32.0,1.6,"Trinity Biotech, Plc",Yes,1080,15987.05,161.28
14291,109-TZ-T30,FPQ-13945,SCMS-235410,ASN-26077,Tanzania,PMO - US,Direct Drop,EXW,Air,3/27/2014,4/29/2014,15-Jul-14,15-Jul-14,12-Aug-14,HRDT,HIV test,"Orgenics, Ltd","HIV 1/2, Determine Complete HIV Kit, 100 Tests","HIV 1/2, Determine Complete HIV Kit",Determine,,Test kit,100,100,8000.0,80.0,0.8,"Alere Medical Co., Ltd.",Yes,39,1176.54,8.22
20044,116-ZA-T30,FPQ-13973,SCMS-238552,ASN-27608,South Africa,PMO - US,Direct Drop,DDP,Truck,4/30/2014,8/5/2014,5-Aug-14,5-Aug-14,5-Aug-14,ARV,Adult,PHARMACY DIRECT,"Saquinavir 200mg [Invirase], capsules, 270 Caps",Saquinavir,Invirase,200mg,Capsule,270,30,2177.92,72.6,0.27,Roche Basel,Yes,Weight Captured Separately,Freight Included in Commodity Cost,2.24
82465,109-TZ-T30,FPQ-8297,SO-40610,DN-2598,Tanzania,PMO - US,From RDC,N/A - From RDC,Truck,8/22/2011,N/A - From RDC,4-May-12,11-Apr-12,11-Apr-12,ARV,Adult,SCMS from RDC,"Lamivudine/Zidovudine 150/300mg, tablets, 60 Tabs",Lamivudine/Zidovudine,Generic,150/300mg,Tablet - FDC,60,22340,184528.4,8.26,0.14,"Aurobindo Unit III, India",Yes,20975,3279.25,304.47
11562,110-ZM-T01,Pre-PQ Process,SO-19411,DN-1029,Zambia,PMO - US,From RDC,N/A - From RDC,Air,Pre-PQ Process,N/A - From RDC,11-Dec-08,11-Dec-08,11-Dec-08,ARV,Adult,SCMS from RDC,"Zidovudine 300mg, tablets, 60 Tabs",Zidovudine,Generic,300mg,Tablet,60,2306,18793.9,8.15,0.14,"Aurobindo Unit III, India",Yes,132,1659.48,36.84
85456,105-GY-T30,FPQ-13567,SO-47730,DN-3626,Guyana,PMO - US,From RDC,N/A - From RDC,Air,1/16/2014,N/A - From RDC,30-Jun-14,14-Apr-14,6-Jun-14,ARV,Pediatric,SCMS from RDC,"Lamivudine 10mg/ml, oral solution w/syringe, Bottle, 240 ml",Lamivudine,Generic,10mg/ml,Oral solution,240,144,205.92,1.43,0.01,"Aurobindo Unit III, India",No,See DN-3626 (ID#:83781),See DN-3626 (ID#:83781),0.21
51134,104-CI-T30,FPQ-12688,SCMS-201220,ASN-22164,Côte d'Ivoire,PMO - US,Direct Drop,EXW,Air,7/19/2013,8/6/2013,7-Nov-13,7-Nov-13,13-Nov-13,HRDT,HIV test,"Orgenics, Ltd","HIV 1/2, Determine Complete HIV Kit, 100 Tests","HIV 1/2, Determine Complete HIV Kit",Determine,,Test kit,100,1800,144000.0,80.0,0.8,"Alere Medical Co., Ltd.",Yes,730,10351.26,178.13
50294,113-ZW-T30,FPQ-13939,SCMS-234770,ASN-26184,Zimbabwe,PMO - US,Direct Drop,EXW,Air Charter,4/1/2014,4/11/2014,14-Jun-14,14-Jun-14,16-Jun-14,ARV,Adult,HETERO LABS LIMITED,"Nevirapine 200mg, tablets, 60 Tabs",Nevirapine,Generic,200mg,Tablet,60,78000,170040.0,2.18,0.04,Hetero Unit III Hyderabad IN,Yes,5163,41158.49,174.8
74288,108-VN-T30,FPQ-14516,SCMS-251680,ASN-29386,Vietnam,PMO - US,Direct Drop,EXW,Air,7/9/2014,8/11/2014,19-Dec-14,19-Dec-14,19-Dec-14,ARV,Adult,HETERO LABS LIMITED,"Efavirenz 600mg, tablets, 30 Tabs",Efavirenz,Generic,600mg,Tablet,30,10000,35000.0,3.5,0.12,Hetero Unit III Hyderabad IN,No,See ASN-29386 (ID#:42295),See ASN-29386 (ID#:42295),35.98
3970,107-RW-T01,Pre-PQ Process,SCMS-288,ASN-170,Rwanda,PMO - US,Direct Drop,EXW,Air,Pre-PQ Process,12/28/2006,17-Jan-07,17-Jan-07,17-Jan-07,HRDT,HIV test,Premier Medical Corporation Ltd.,"HIV 1/2/O, First Response HIV 1-2.0, v.3.0 Cards Kit, 30 Tests","HIV 1/2/O, First Response HIV 1-2.0, v.3.0 Cards Kit",First Response,,Test kit,30,2000,42000.0,21.0,0.7,Premier Med. Corp Ltd. India,Yes,600,5714.31,
84852,110-ZM-T30,FPQ-12066,SO-45071,DN-3317,Zambia,PMO - US,From RDC,N/A - From RDC,Truck,4/19/2013,N/A - From RDC,22-Oct-13,22-Oct-13,18-Nov-13,ARV,Pediatric,SCMS from RDC,"Lamivudine/Nevirapine/Zidovudine 30/50/60mg, dispersible tablets, 60 Tabs",Lamivudine/Nevirapine/Zidovudine,Generic,30/50/60mg,Chewable/dispersible tablet - FDC,60,14404,56031.56,3.89,0.06,"Strides, Bangalore, India.",No,See DN-3317 (ID#:84851),See DN-3317 (ID#:84851),69.31
53349,102-GY-T30,FPQ-9180,SCMS-139650,ASN-15044,Guyana,PMO - US,Direct Drop,EXW,Air,1/17/2012,4/9/2012,18-Jun-12,18-Jun-12,18-Jun-12,HRDT,HIV test,"Orgenics, Ltd","HIV 1/2, Determine Complete HIV Kit, 100 Tests","HIV 1/2, Determine Complete HIV Kit",Determine,,Test kit,100,300,30000.0,100.0,1.0,"Alere Medical Co., Ltd.",Yes,137,3825.21,42.06
12033,111-MZ-T01,Pre-PQ Process,SO-497,DN-121,Mozambique,PMO - US,From RDC,N/A - From RDC,Air,Pre-PQ Process,N/A - From RDC,18-May-07,18-May-07,18-May-07,ARV,Adult,SCMS from RDC,"Abacavir 300mg, tablets, 60 Tabs",Abacavir,Generic,300mg,Tablet,60,566,20262.8,35.8,0.6,"Aurobindo Unit III, India",No,See DN-121 (ID#:10814),See DN-121 (ID#:10814),
11161,110-ZM-T01,Pre-PQ Process,SO-940,DN-366,Zambia,PMO - US,From RDC,N/A - From RDC,,Pre-PQ Process,N/A - From RDC,27-Sep-07,27-Sep-07,27-Sep-07,ARV,Adult,SCMS from RDC,"Nevirapine 200mg, tablets, 60 Tabs",Nevirapine,Generic,200mg,Tablet,60,85000,289000.0,3.4,0.06,"Aurobindo Unit III, India",Yes,14311,63886.29,462.4
83763,104-CI-T30,FPQ-12144,SO-45631,DN-3547,Côte d'Ivoire,PMO - US,From RDC,N/A - From RDC,Truck,4/22/2013,N/A - From RDC,28-Feb-14,18-Jan-14,4-Mar-14,ARV,Pediatric,SCMS from RDC,"Abacavir/Lamivudine 60/30mg, tablets, 60 Tabs",Abacavir/Lamivudine,Generic,60/30mg,Tablet - FDC,60,2085,8340.0,4.0,0.07,Mylan (formerly Matrix) Nashik,Yes,699,8127.62,10.32
85565,113-ZW-T30,FPQ-14458,SO-49160,DN-4155,Zimbabwe,PMO - US,From RDC,N/A - From RDC,Truck,6/13/2014,N/A - From RDC,31-Mar-15,17-Mar-15,18-Mar-15,ARV,Adult,SCMS from RDC,"Efavirenz/Lamivudine/Tenofovir Disoproxil Fumarate 600/300/300mg, tablets, 30 Tabs",Efavirenz/Lamivudine/Tenofovir Disoproxil Fumarate,Generic,600/300/300mg,Tablet - FDC,30,336000,3225600.0,9.6,0.32,Mylan (formerly Matrix) Nashik,Yes,37955,42077.59,3315.92
82600,113-ZW-T30,FPQ-12429,SO-45850,DN-3291,Zimbabwe,PMO - US,From RDC,N/A - From RDC,Truck,6/25/2013,N/A - From RDC,18-Sep-13,20-Sep-13,20-Sep-13,ARV,Adult,SCMS from RDC,"Lopinavir/Ritonavir 200/50mg, tablets, 120 Tabs",Lopinavir/Ritonavir,Generic,200/50mg,Tablet,120,8599,187286.22,21.78,0.18,Mylan (formerly Matrix) Nashik,Yes,2293,4529.67,231.67
82965,106-HT-T30,FPQ-6801,SO-40150,DN-2277,Haiti,PMO - US,From RDC,N/A - From RDC,Air,12/14/2010,N/A - From RDC,19-Jul-11,21-Jul-11,21-Jul-11,ARV,Adult,SCMS from RDC,"Efavirenz 600mg, tablets, 30 Tabs",Efavirenz,Generic,600mg,Tablet,30,49425,208573.5,4.22,0.14,"Aurobindo Unit III, India",Yes,4235,29352.17,344.15
84661,106-HT-T30,FPQ-6801,SO-38212,DN-2291,Haiti,PMO - US,From RDC,N/A - From RDC,Air,12/14/2010,N/A - From RDC,19-Jul-11,17-Jul-11,17-Jul-11,ARV,Pediatric,SCMS from RDC,"Lamivudine 10mg/ml, oral solution w/syringe, Bottle, 240 ml",Lamivudine,Generic,10mg/ml,Oral solution,240,5110,9862.3,1.93,0.01,"Aurobindo Unit III, India",Yes,1840,14866.14,16.27
7007,108-VN-T01,Pre-PQ Process,SCMS-19630,ASN-1718,Vietnam,PMO - US,Direct Drop,DDU,Truck,Pre-PQ Process,3/21/2008,12-May-08,16-Apr-08,16-Apr-08,ARV,Adult,CENTRAL PHARMACEUTICAL COMPANY NO. 1,"Tenofovir Disoproxil Fumarate 300mg [Viread], tablets, 30 Tabs",Tenofovir Disoproxil Fumarate,Viread,300mg,Tablet,30,1968,40717.92,20.69,0.69,Gilead(Nycomed) Oranienburg DE,Yes,Weight Captured Separately,1401.49,65.15
37506,108-VN-T30,FPQ-4720,SCMS-62370,ASN-6189,Vietnam,PMO - US,Direct Drop,FCA,Air,1/4/2009,1/11/2010,22-Mar-10,22-Mar-10,22-Mar-10,ARV,Adult,ABBVIE LOGISTICS (FORMERLY ABBOTT LOGISTICS BV),"Lopinavir/Ritonavir 200/50mg [Aluvia], tablets, 120 Tabs",Lopinavir/Ritonavir,Aluvia,200/50mg,Tablet,120,4165,342363.0,82.2,0.68,ABBVIE Ludwigshafen Germany,Yes,1010,5417.87,738.13
86294,151-NG-T30,FPQ-4537,SO-34913,DN-1780,Nigeria,PMO - US,From RDC,N/A - From RDC,Air Charter,11/6/2009,N/A - From RDC,31-May-10,18-May-10,18-May-10,ARV,Adult,SCMS from RDC,"Efavirenz 600mg, tablets, 30 Tabs",Efavirenz,Generic,600mg,Tablet,30,12240,58140.0,4.75,0.16,"Aurobindo Unit III, India",Yes,1082,9736.1,125.35
83336,104-CI-T30,FPQ-14370,SO-49090,DN-4177,Côte d'Ivoire,PMO - US,From RDC,N/A - From RDC,Truck,5/23/2014,N/A - From RDC,29-May-15,29-May-15,18-Jun-15,ARV,Adult,SCMS from RDC,"Efavirenz 600mg, tablets, 30 Tabs",Efavirenz,Generic,600mg,Tablet,30,30004,93612.48,3.12,0.1,"Cipla, Goa, India",No,See DN-4177 (ID#:82804),See DN-4177 (ID#:82804),96.23
12150,110-ZM-T01,Pre-PQ Process,SO-1489,DN-510,Zambia,PMO - US,From RDC,N/A - From RDC,Air,Pre-PQ Process,N/A - From RDC,14-Feb-08,14-Feb-08,14-Feb-08,ARV,Adult,SCMS from RDC,"Abacavir 300mg, tablets, 60 Tabs",Abacavir,Generic,300mg,Tablet,60,8251,227150.03,27.53,0.46,"Aurobindo Unit III, India",Yes,822,3303.52,363.44
3358,116-ZA-T01,Pre-PQ Process,SCMS-28830,ASN-2503,South Africa,PMO - US,Direct Drop,DDP,Truck,Pre-PQ Process,Date Not Captured,25-Aug-08,14-Aug-08,14-Aug-08,ARV,Adult,S. BUYS WHOLESALER,"Stavudine 40mg [Zerit], capsules, 60 Caps",Stavudine,Zerit,40mg,Capsule,60,130,644.8,4.96,0.08,"BMS Meymac, France",No,Weight Captured Separately,Freight Included in Commodity Cost,1.03
82669,111-MZ-T30,FPQ-13165,SO-47591,DN-3651,Mozambique,PMO - US,From RDC,N/A - From RDC,Truck,10/21/2013,N/A - From RDC,4-Jul-14,3-Jun-14,19-Jun-14,ARV,Adult,SCMS from RDC,"Lamivudine 150mg, tablets, 60 Tabs",Lamivudine,Generic,150mg,Tablet,60,440,765.6,1.74,0.03,"Micro labs, Verna, Goa, India",Yes,27,800,0.79
42243,116-ZA-T30,FPQ-14942,SCMS-259074,ASN-31070,South Africa,PMO - US,Direct Drop,DDP,Truck,9/11/2014,3/9/2015,9-Mar-15,9-Mar-15,9-Mar-15,ARV,Adult,PHARMACY DIRECT,"Emtricitabine/Tenofovir Disoproxil Fumarate 200/300mg, tablets, 30 Tabs",Emtricitabine/Tenofovir Disoproxil Fumarate,Generic,200/300mg,Tablet - FDC,30,9,196.47,21.83,0.73,"Aurobindo Unit III, India",No,Weight Captured Separately,Freight Included in Commodity Cost,0.2
52871,161-ZA-T30,FPQ-5303,SCMS-68980,ASN-7663,South Africa,PMO - US,Direct Drop,DDP,Air,3/18/2010,3/19/2010,24-Aug-10,20-Sep-10,20-Sep-10,ARV,Adult,Aurobindo Pharma Limited,"Lamivudine 150mg, tablets, 60 Tabs",Lamivudine,Generic,150mg,Tablet,60,33711,85288.83,2.53,0.04,"Aurobindo Unit III, India",Yes,1810,2016.42,183.88
80,107-RW-T01,Pre-PQ Process,SCMS-488,ASN-299,Rwanda,PMO - US,Direct Drop,EXW,Air,Pre-PQ Process,Date Not Captured,29-Mar-07,29-Mar-07,29-Mar-07,HRDT,HIV test,Premier Medical Corporation Ltd.,"HIV 1/2/O, First Response HIV 1-2.0, v.3.0 Cards Kit, 30 Tests","HIV 1/2/O, First Response HIV 1-2.0, v.3.0 Cards Kit",First Response,,Test kit,30,2000,33000.0,16.5,0.55,Premier Med. Corp Ltd. India,Yes,710,3120.7,
86643,109-TZ-T30,FPQ-12587,SO-45996,DN-3499,Tanzania,PMO - US,From RDC,N/A - From RDC,Truck,7/4/2013,N/A - From RDC,31-Jan-14,12-Mar-14,17-Mar-14,ARV,Pediatric,SCMS from RDC,"Nevirapine 10mg/ml, oral suspension w/syringe, Bottle, 100 ml",Nevirapine,Generic,10mg/ml,Oral suspension,100,20000,26000.0,1.3,0.01,"Aurobindo Unit III, India",Yes,3920,6010.2,32.16
81968,117-ET-T30,FPQ-9098,SCMS-133520,ASN-15537,Ethiopia,PMO - US,Direct Drop,EXW,Air,1/10/2012,1/23/2012,5-Aug-12,5-Aug-12,5-Aug-12,HRDT,HIV test,"Trinity Biotech, Plc","HIV 1/2, Uni-Gold HIV Kit, 20 Tests","HIV 1/2, Uni-Gold HIV Kit",Uni-Gold,,Test kit,20,167,5344.0,32.0,1.6,"Trinity Biotech, Plc",Yes,61,925.05,7.49
55783,107-RW-T30,FPQ-3859,SCMS-48910,ASN-5880,Rwanda,PMO - US,Direct Drop,CIP,Air,6/30/2009,7/17/2009,27-Jan-10,27-Jan-10,27-Jan-10,ARV,Adult,Aurobindo Pharma Limited,"Abacavir 300mg, tablets, 60 Tabs",Abacavir,Generic,300mg,Tablet,60,9270,179189.1,19.33,0.32,"Aurobindo Unit III, India",Yes,1010,16847.52,351.21
12249,130-NG-T01,Pre-PQ Process,SO-10540,DN-844,Nigeria,PMO - US,From RDC,N/A - From RDC,Air,Pre-PQ Process,N/A - From RDC,24-Jul-08,24-Jul-08,24-Jul-08,ARV,Adult,SCMS from RDC,"Efavirenz 600mg, tablets, 30 Tabs",Efavirenz,Generic,600mg,Tablet,30,1030,12071.6,11.72,0.39,"Aurobindo Unit III, India",Yes,251,1960.81,19.31
2756,102-NG-T01,Pre-PQ Process,SCMS-599,ASN-522,Nigeria,PMO - US,Direct Drop,EXW,Air,Pre-PQ Process,6/21/2007,4-Jul-07,4-Jul-07,4-Jul-07,HRDT,HIV test,"CHEMBIO DIAGNOSTIC SYSTEMS, INC.","HIV 1/2, Stat-Pak HIV, Kit, 20 Tests","HIV 1/2, Stat-Pak HIV, Kit",Stat-Pak,,Test kit,20,8000,216000.0,27.0,1.35,Chembio Diagnostics Sys. Inc.,Yes,2603,22838.29,345.6
12828,102-KE-T01,Pre-PQ Process,SO-11450,DN-937,Kenya,PMO - US,From RDC,N/A - From RDC,Truck,Pre-PQ Process,N/A - From RDC,25-Sep-08,25-Sep-08,25-Sep-08,HRDT,HIV test,SCMS from RDC,"HIV 1/2, Bioline 3.0 Kit, Lancets, Capillary pipets, Alcohol swabs included, 25 Tests","HIV 1/2, Bioline 3.0 Kit, Lancets, Capillary pipets, Alcohol swabs included",Bioline,,Test kit,25,20000,400000.0,20.0,0.8,"Standard Diagnostics, Korea",Yes,6067,1250,640.0
84320,151-NG-T30,FPQ-12801,SO-46530,DN-3489,Nigeria,PMO - US,From RDC,N/A - From RDC,Air Charter,8/6/2013,N/A - From RDC,31-Jan-14,10-Jan-14,15-Jan-14,ARV,Pediatric,SCMS from RDC,"Lamivudine/Zidovudine 30/60mg, tablets, 60 Tabs",Lamivudine/Zidovudine,Generic,30/60mg,Tablet - FDC,60,11605,24950.75,2.15,0.04,Mylan (formerly Matrix) Nashik,Yes,935,49199.75,30.86
85134,114-UG-T30,FPQ-5238,SO-36070,DN-1949,Uganda,PMO - US,From RDC,N/A - From RDC,Air,3/2/2010,N/A - From RDC,4-Aug-10,2-Aug-10,2-Aug-10,ARV,Adult,SCMS from RDC,"Nevirapine 200mg, tablets, 60 Tabs",Nevirapine,Generic,200mg,Tablet,60,3000,8190.0,2.73,0.05,"Cipla, Goa, India",No,See DN-1949 (ID#:83444),See DN-1949 (ID#:83444),17.66
11639,111-MZ-T01,Pre-PQ Process,SO-30440,DN-1231,Mozambique,PMO - US,From RDC,N/A - From RDC,Truck,Pre-PQ Process,N/A - From RDC,28-Jun-09,28-Jun-09,28-Jun-09,ARV,Adult,SCMS from RDC,"Zidovudine 300mg, tablets, 60 Tabs",Zidovudine,Generic,300mg,Tablet,60,7300,56283.0,7.71,0.13,"Aurobindo Unit III, India",No,See DN-1231 (ID#:11044),See DN-1231 (ID#:11044),110.31
83132,102-DO-T30,FPQ-11791,SO-44740,DN-3117,Dominican Republic,PMO - US,From RDC,N/A - From RDC,Air,3/4/2013,N/A - From RDC,24-Apr-13,21-May-13,21-May-13,ARV,Adult,SCMS from RDC,"Nevirapine 200mg, tablets, 60 Tabs",Nevirapine,Generic,200mg,Tablet,60,3200,7232.0,2.26,0.04,Hetero Unit III Hyderabad IN,Yes,1230,8281.7,8.95
69683,109-TZ-T30,FPQ-6936,SCMS-100634,ASN-10903,Tanzania,PMO - US,Direct Drop,EXW,Air,12/27/2010,5/2/2011,14-Jul-11,14-Jul-11,14-Jul-11,HRDT,HIV test,"Standard Diagnostics, Inc.","HIV 1/2, Bioline 3.0 Kit, Lancets, Capillary pipets, Alcohol swabs included, 25 Tests","HIV 1/2, Bioline 3.0 Kit, Lancets, Capillary pipets, Alcohol swabs included",Bioline,,Test kit,25,10000,200000.0,20.0,0.8,"Standard Diagnostics, Korea",Yes,3334,23623.43,330.0
54271,106-HT-T30,FPQ-6485,SCMS-89560,ASN-9086,Haiti,PMO - US,Direct Drop,EXW,Air,10/7/2010,11/1/2010,21-Dec-10,21-Dec-10,21-Dec-10,HRDT,HIV test,"Orgenics, Ltd","HIV 1/2, Determine HIV Kit, without Lancets, 100 Tests","HIV 1/2, Determine HIV Kit, without Lancets",Determine,,Test kit,100,2500,244200.0,97.68,0.98,Inverness Japan,Yes,568,5631.87,526.5
22778,161-ZA-T30,FPQ-6262,SCMS-83820,ASN-9175,South Africa,PMO - US,Direct Drop,DDP,Ocean,8/31/2010,9/24/2010,11-Jan-11,11-Jan-11,11-Jan-11,ARV,Adult,Aurobindo Pharma Limited,"Zidovudine 300mg, tablets, 60 Tabs",Zidovudine,Generic,300mg,Tablet,60,1033,7571.89,7.33,0.12,"Aurobindo Unit III, India",Yes,52,4295.61,16.32
23664,108-VN-T30,FPQ-5317,SCMS-69730,ASN-8446,Vietnam,PMO - US,Direct Drop,EXW,Air,3/22/2010,3/29/2010,9-Nov-10,9-Nov-10,9-Nov-10,ARV,Adult,MYLAN LABORATORIES LTD (FORMERLY MATRIX LABORATORIES),"Efavirenz 600mg, tablets, 30 Tabs",Efavirenz,Generic,600mg,Tablet,30,42836,184194.8,4.3,0.14,Mylan (formerly Matrix) Nashik,Yes,3494,10711.06,397.12
83349,107-RW-T30,FPQ-16284,SO-51540,DN-4327,Rwanda,PMO - US,From RDC,N/A - From RDC,Air,5/27/2015,N/A - From RDC,18-Aug-15,6-Aug-15,11-Aug-15,ARV,Adult,SCMS from RDC,"Lamivudine/Nevirapine/Zidovudine 150/200/300mg, tablets, 60 Tabs",Lamivudine/Nevirapine/Zidovudine,Generic,150/300/200mg,Tablet - FDC,60,1479,11994.69,8.11,0.14,Hetero Unit III Hyderabad IN,Yes,Weight Captured Separately,Invoiced Separately,14.12
13487,106-HT-T30,FPQ-14895,SCMS-261510,ASN-30067,Haiti,PMO - US,Direct Drop,EXW,Ocean,9/24/2014,11/14/2014,13-Mar-15,13-Mar-15,18-Mar-15,ARV,Adult,MYLAN LABORATORIES LTD (FORMERLY MATRIX LABORATORIES),"Efavirenz/Lamivudine/Tenofovir Disoproxil Fumarate 600/300/300mg, tablets, 30 Tabs",Efavirenz/Lamivudine/Tenofovir Disoproxil Fumarate,Generic,600/300/300mg,Tablet - FDC,30,25000,256000.0,10.24,0.34,Mylan (formerly Matrix) Nashik,Yes,3034,7658.27,263.17
11016,112-NG-T01,Pre-PQ Process,SO-20950,DN-1059,Nigeria,PMO - US,From RDC,N/A - From RDC,Air,Pre-PQ Process,N/A - From RDC,19-Jan-09,19-Jan-09,19-Jan-09,ARV,Adult,SCMS from RDC,"Emtricitabine/Tenofovir Disoproxil Fumarate 200/300mg [Truvada], tablets, 30 Tabs",Emtricitabine/Tenofovir Disoproxil Fumarate,Truvada,300/200mg,Tablet - FDC,30,139,3648.75,26.25,0.88,"Aspen-OSD, Port Elizabeth, SA",Yes,192,13538.35,7.15
84826,110-ZM-T30,FPQ-11553,SO-44476,DN-3202,Zambia,PMO - US,From RDC,N/A - From RDC,Truck,1/28/2013,N/A - From RDC,25-Jun-13,7-Jun-13,7-Jun-13,ARV,Adult,SCMS from RDC,"Nevirapine 200mg, tablets, 60 Tabs",Nevirapine,Generic,200mg,Tablet,60,120000,271200.0,2.26,0.04,"Aurobindo Unit III, India",Yes,11419,11941.65,335.47
8017,100-HT-T01,Pre-PQ Process,SCMS-539,ASN-364,Haiti,PMO - US,Direct Drop,EXW,Air,Pre-PQ Process,4/4/2007,3-May-07,3-May-07,3-May-07,HRDT,HIV test,Abbott GmbH & Co. KG,"HIV 1/2, Determine Complete HIV Kit, 100 Tests","HIV 1/2, Determine Complete HIV Kit",Determine,,Test kit,100,1000,80000.0,80.0,0.8,ABBVIE GmbH & Co.KG Wiesbaden,Yes,343,2802.42,
83472,110-ZM-T30,FPQ-6221,SO-37340,DN-2072,Zambia,PMO - US,From RDC,N/A - From RDC,Truck,8/20/2010,N/A - From RDC,15-Nov-10,10-Dec-10,10-Dec-10,ARV,Adult,SCMS from RDC,"Emtricitabine/Tenofovir Disoproxil Fumarate 200/300mg, tablets, 30 Tabs",Emtricitabine/Tenofovir Disoproxil Fumarate,Generic,200/300mg,Tablet - FDC,30,220002,2585023.5,11.75,0.39,Mylan (formerly Matrix) Nashik,Yes,20364,31373.1,5573.31
83116,106-HT-T30,FPQ-11526,SO-44440,DN-3044,Haiti,PMO - US,From RDC,N/A - From RDC,Air,1/30/2013,N/A - From RDC,30-Apr-13,21-Mar-13,21-Mar-13,ARV,Pediatric,SCMS from RDC,"Lamivudine/Stavudine 30/6mg, dispersible tablets, 60 Tabs",Lamivudine/Stavudine,Generic,30/6mg,Chewable/dispersible tablet - FDC,60,822,1561.8,1.9,0.03,"Cipla, Goa, India",Yes,107,1779.74,1.93
85211,110-ZM-T30,FPQ-7767,SO-40272,DN-2434,Zambia,PMO - US,From RDC,N/A - From RDC,Truck,7/26/2011,N/A - From RDC,28-Feb-12,28-Nov-11,28-Nov-11,ARV,Adult,SCMS from RDC,"Zidovudine 300mg, tablets, 60 Tabs",Zidovudine,Generic,300mg,Tablet,60,5111,35879.22,7.02,0.12,Hetero Unit III Hyderabad IN,No,See DN-2434 (ID#:84684),See DN-2434 (ID#:84684),59.2
4615,102-BW-T01,Pre-PQ Process,SCMS-27760,ASN-2325,Botswana,PMO - US,Direct Drop,EXW,Air,Pre-PQ Process,7/28/2008,9-Oct-08,2-Oct-08,2-Oct-08,HRDT,HIV test,"Orgenics, Ltd","HIV 1/2, Determine HIV Kit, without Lancets, 100 Tests","HIV 1/2, Determine HIV Kit, without Lancets",Determine,,Test kit,100,8,560.0,70.0,0.7,Inverness Japan,Yes,5406,559.95,0.9
9316,102-NG-T01,Pre-PQ Process,SCMS-694,ASN-582,Nigeria,PMO - US,Direct Drop,EXW,Air,Pre-PQ Process,6/6/2007,6-Aug-07,6-Aug-07,6-Aug-07,HRDT,HIV test,Abbott GmbH & Co. KG,"HIV 1/2, Determine Complete HIV Kit, 100 Tests","HIV 1/2, Determine Complete HIV Kit",Determine,,Test kit,100,3500,280000.0,80.0,0.8,ABBVIE GmbH & Co.KG Wiesbaden,Yes,1192,10879.22,448.0
84797,110-ZM-T30,FPQ-11553,SO-44473,DN-3053,Zambia,PMO - US,From RDC,N/A - From RDC,Truck,1/28/2013,N/A - From RDC,25-Jun-13,22-Mar-13,22-Mar-13,ARV,Adult,SCMS from RDC,"Nevirapine 200mg, tablets, 60 Tabs",Nevirapine,Generic,200mg,Tablet,60,40000,92400.0,2.31,0.04,Hetero Unit III Hyderabad IN,Yes,2452,5520.86,114.3
81961,116-ZA-T30,FPQ-11828,SCMS-183950,ASN-19166,South Africa,South Africa Field Office,Direct Drop,DDP,Truck,3/18/2013,Date Not Captured,16-Apr-13,16-Apr-13,16-Apr-13,ARV,Adult,S. BUYS WHOLESALER,"Stavudine 30mg, capsules, 60 Caps",Stavudine,Generic,30mg,Capsule,60,9227,37157.67,4.03,0.07,"Aurobindo Unit III, India",No,Weight Captured Separately,Freight Included in Commodity Cost,45.96
82755,107-RW-T30,FPQ-14111,SO-48790,DN-4012,Rwanda,PMO - US,From RDC,N/A - From RDC,Truck,4/22/2014,N/A - From RDC,16-Feb-15,14-Jan-15,19-Jan-15,ARV,Adult,SCMS from RDC,"Lamivudine/Tenofovir Disoproxil Fumarate 300/300mg, tablets, 30 Tabs",Lamivudine/Tenofovir Disoproxil Fumarate,Generic,300/300mg,Tablet - FDC,30,73467,340886.88,4.64,0.15,Hetero Unit III Hyderabad IN,Yes,17317,26620.36,350.43
11663,111-MZ-T01,Pre-PQ Process,SO-26423,DN-1332,Mozambique,PMO - US,From RDC,N/A - From RDC,Truck,Date Not Captured,N/A - From RDC,27-Aug-09,27-Aug-09,27-Aug-09,ARV,Adult,SCMS from RDC,"Lamivudine/Zidovudine 150/300mg, tablets, 60 Tabs",Lamivudine/Zidovudine,Generic,150/300mg,Tablet - FDC,60,2484,21759.84,8.76,0.15,"Aurobindo Unit III, India",Yes,2078,2400.25,42.65
83309,151-NG-T30,FPQ-14156,SO-50880,DN-4132,Nigeria,PMO - US,From RDC,N/A - From RDC,Air Charter,4/25/2014,N/A - From RDC,2-Mar-15,5-Feb-15,10-Feb-15,ARV,Adult,SCMS from RDC,"Lamivudine/Tenofovir Disoproxil Fumarate 300/300mg, tablets, 30 Tabs",Lamivudine/Tenofovir Disoproxil Fumarate,Generic,300/300mg,Tablet - FDC,30,95597,443570.08,4.64,0.15,"Cipla, Kurkumbh, India",Yes,10656,20992.67,455.99
11747,109-TZ-T01,Pre-PQ Process,SO-633,DN-243,Tanzania,PMO - US,From RDC,N/A - From RDC,Air,Pre-PQ Process,N/A - From RDC,30-Jul-07,30-Jul-07,30-Jul-07,ARV,Adult,SCMS from RDC,"Lopinavir/Ritonavir 200/50mg [Aluvia], tablets, 120 Tabs",Lopinavir/Ritonavir,Aluvia,200/50mg,Tablet,120,1155,47470.5,41.1,0.34,ABBVIE Ludwigshafen Germany,Yes,255,1388,75.95
1347,102-NG-T01,Pre-PQ Process,SCMS-695,ASN-622,Nigeria,PMO - US,Direct Drop,EXW,Air,Pre-PQ Process,Date Not Captured,7-Sep-07,7-Sep-07,7-Sep-07,HRDT,HIV test,Abbott GmbH & Co. KG,"HIV 1/2, Determine Complete HIV Kit, 100 Tests","HIV 1/2, Determine Complete HIV Kit",Determine,,Test kit,100,3500,280000.0,80.0,0.8,ABBVIE GmbH & Co.KG Wiesbaden,Yes,1194,5858.57,448.0
71244,116-ZA-T30,FPQ-11828,SCMS-183950,ASN-19166,South Africa,South Africa Field Office,Direct Drop,DDP,Truck,3/18/2013,Date Not Captured,16-Apr-13,16-Apr-13,16-Apr-13,ARV,Adult,S. BUYS WHOLESALER,"Nevirapine 200mg, tablets, 60 Tabs",Nevirapine,Generic,200mg,Tablet,60,5093,94109.04,18.48,0.31,"Cipla, Goa, India",No,Weight Captured Separately,Freight Included in Commodity Cost,116.41
48595,108-VN-T30,FPQ-15823,SCMS-277330,ASN-33152,Vietnam,PMO - US,Direct Drop,FCA,Air,2/13/2015,3/4/2015,13-Aug-15,13-Aug-15,13-Aug-15,ARV,Adult,ABBVIE LOGISTICS (FORMERLY ABBOTT LOGISTICS BV),"Ritonavir 100mg [Norvir], film coated tablets, 30 Tabs",Ritonavir,Norvir,100mg,Tablet,30,400,9304.0,23.26,0.78,ABBVIE Ludwigshafen Germany,No,See ASN-33152 (ID#:38571),See ASN-33152 (ID#:38571),10.95
86384,200-ZW-T30,FPQ-6483,SO-37880,DN-2203,Zimbabwe,PMO - US,From RDC,N/A - From RDC,Truck,10/13/2010,N/A - From RDC,31-May-11,13-Jun-11,13-Jun-11,ARV,Pediatric,SCMS from RDC,"Lamivudine/Nevirapine/Zidovudine 30/50/60mg, dispersible tablets, 60 Tabs",Lamivudine/Nevirapine/Zidovudine,Generic,30/50/60mg,Chewable/dispersible tablet - FDC,60,20000,85000.0,4.25,0.07,Mylan (formerly Matrix) Nashik,No,See DN-2203 (ID#:82949),See DN-2203 (ID#:82949),183.26
84939,111-MZ-T30,FPQ-13123,SO-47087,DN-3757,Mozambique,PMO - US,From RDC,N/A - From RDC,Truck,10/21/2013,N/A - From RDC,31-Jul-14,6-Oct-14,13-Oct-14,ARV,Adult,SCMS from RDC,"Efavirenz 600mg, tablets, 30 Tabs",Efavirenz,Generic,600mg,Tablet,30,20340,65291.4,3.21,0.11,"Strides, Bangalore, India.",Yes,1242,9384,67.12
60866,116-ZA-T30,FPQ-14942,SCMS-295800,ASN-33864,South Africa,PMO - US,Direct Drop,DDP,Truck,9/11/2014,8/24/2015,24-Aug-15,24-Aug-15,24-Aug-15,ARV,Adult,PHARMACY DIRECT,"Etravirine 100mg [Intelence], tablets, 120 Tabs",Etravirine,Intelence,100mg,Tablet,120,18,495.23,27.51,0.23,"Janssen-Cilag, Latina, IT",No,Weight Captured Separately,Freight Included in Commodity Cost,0.51
29391,116-ZA-T30,FPQ-13973,SCMS-238556,ASN-31854,South Africa,PMO - US,Direct Drop,DDP,Truck,4/30/2014,4/28/2015,28-Apr-15,28-Apr-15,28-Apr-15,ARV,Adult,PHARMACY DIRECT,"Nevirapine 200mg, tablets, 60 Tabs",Nevirapine,Generic,200mg,Tablet,60,10,177.47,17.75,0.3,"Aurobindo Unit III, India",No,Weight Captured Separately,Freight Included in Commodity Cost,0.18
15643,133-NG-T30,FPQ-8117,SCMS-118170,ASN-12941,Nigeria,PMO - US,Direct Drop,EXW,Air,7/28/2011,8/12/2011,13-Dec-11,13-Dec-11,13-Dec-11,HRDT,HIV test,"Trinity Biotech, Plc","HIV 1/2, Uni-Gold HIV Kit, 20 Tests","HIV 1/2, Uni-Gold HIV Kit",Uni-Gold,,Test kit,20,2000,64000.0,32.0,1.6,"Trinity Biotech, Plc",Yes,793,7938.18,105.6
66809,108-VN-T30,FPQ-10287,SCMS-156320,ASN-17177,Vietnam,PMO - US,Direct Drop,EXW,Air,7/25/2012,8/15/2012,5-Dec-12,5-Dec-12,5-Dec-12,ARV,Adult,HETERO LABS LIMITED,"Abacavir 300mg, tablets, 60 Tabs",Abacavir,Generic,300mg,Tablet,60,615,7933.5,12.9,0.22,Hetero Unit III Hyderabad IN,No,See ASN-17177 (ID#:18240),See ASN-17177 (ID#:18240),11.12
85727,200-DO-T30,FPQ-6616,SO-38020,DN-2065,Dominican Republic,PMO - US,From RDC,N/A - From RDC,Air,10/25/2010,N/A - From RDC,31-Jan-11,8-Dec-10,8-Dec-10,ARV,Adult,SCMS from RDC,"Tenofovir Disoproxil Fumarate 300mg, tablets, 30 Tabs",Tenofovir Disoproxil Fumarate,Generic,300mg,Tablet,30,2615,18383.45,7.03,0.23,Mylan (formerly Matrix) Nashik,No,See DN-2065 (ID#:82360),See DN-2065 (ID#:82360),30.33
85511,101-CD-T30,FPQ-14252,SO-48850,DN-3843,"Congo, DRC",PMO - US,From RDC,N/A - From RDC,Air,5/7/2014,N/A - From RDC,13-Aug-14,24-Sep-14,6-Nov-14,ARV,Pediatric,SCMS from RDC,"Lamivudine/Zidovudine 30/60mg, tablets, 60 Tabs",Lamivudine/Zidovudine,Generic,30/60mg,Tablet - FDC,60,900,1791.0,1.99,0.03,Mylan (formerly Matrix) Nashik,No,See DN-3843 (ID#:82707),See DN-3843 (ID#:82707),1.84
86206,151-NG-T30,FPQ-16313,SO-51430,DN-4281,Nigeria,PMO - US,From RDC,N/A - From RDC,Air,5/4/2015,N/A - From RDC,2-Jun-15,22-Jun-15,24-Jun-15,ARV,Adult,SCMS from RDC,"Lamivudine/Zidovudine 150/300mg, tablets, 60 Tabs",Lamivudine/Zidovudine,Generic,150/300mg,Tablet - FDC,60,37742,246077.84,6.52,0.11,Mylan (formerly Matrix) Nashik,Yes,3322,21533.88,289.63
83684,107-RW-T30,FPQ-11807,SO-44761,DN-3160,Rwanda,PMO - US,From RDC,N/A - From RDC,Air,3/6/2013,N/A - From RDC,28-Jun-13,27-May-13,27-May-13,ARV,Pediatric,SCMS from RDC,"Zidovudine 10mg/ml, oral solution w/syringe, Bottle, 240 ml",Zidovudine,Generic,10mg/ml,Oral solution,240,1500,3150.0,2.1,0.01,"Aurobindo Unit III, India",Yes,575,4095.24,3.9
2741,102-NG-T01,Pre-PQ Process,SCMS-687,ASN-587,Nigeria,PMO - US,Direct Drop,EXW,Air,Pre-PQ Process,6/8/2007,10-Jul-07,3-Aug-07,3-Aug-07,HRDT,HIV test,"CHEMBIO DIAGNOSTIC SYSTEMS, INC.","HIV 1/2, Stat-Pak HIV, Kit, 20 Tests","HIV 1/2, Stat-Pak HIV, Kit",Stat-Pak,,Test kit,20,11500,310500.0,27.0,1.35,Chembio Diagnostics Sys. Inc.,Yes,3276,43664.71,496.8
43998,161-ZA-T30,FPQ-7175,SCMS-103410,ASN-11587,South Africa,PMO - US,Direct Drop,DDP,Ocean,3/10/2011,3/24/2011,14-Sep-11,14-Sep-11,14-Sep-11,ARV,Pediatric,Aurobindo Pharma Limited,"Efavirenz 50mg, capsule, 30 Caps",Efavirenz,Generic,50mg,Capsule,30,45232,110366.08,2.44,0.08,"Aurobindo Unit III, India",Yes,2674,5301.65,182.1
11040,105-GY-T01,Pre-PQ Process,SO-25160,DN-1213,Guyana,PMO - US,From RDC,N/A - From RDC,Air,Pre-PQ Process,N/A - From RDC,12-May-09,12-May-09,12-May-09,ARV,Adult,SCMS from RDC,"Zidovudine 300mg, tablets, 60 Tabs",Zidovudine,Generic,300mg,Tablet,60,489,3770.19,7.71,0.13,"Aurobindo Unit III, India",Yes,28,1047.24,7.39
85164,110-ZM-T30,FPQ-5702,SO-36851,DN-2053,Zambia,PMO - US,From RDC,N/A - From RDC,Truck,5/20/2010,N/A - From RDC,26-Nov-10,3-Dec-10,3-Dec-10,ARV,Adult,SCMS from RDC,"Abacavir 300mg, tablets, 60 Tabs",Abacavir,Generic,300mg,Tablet,60,17045,270845.05,15.89,0.26,"Cipla, Patalganga, India",Yes,20752,17520.43,583.94
86631,105-GY-T30,FPQ-12619,SO-46090,DN-3425,Guyana,PMO - US,From RDC,N/A - From RDC,Air,7/16/2013,N/A - From RDC,31-Dec-13,2-Dec-13,20-Dec-13,ARV,Adult,SCMS from RDC,"Abacavir 300mg, tablets, 60 Tabs",Abacavir,Generic,300mg,Tablet,60,67,767.82,11.46,0.19,"Aurobindo Unit III, India",No,See DN-3425 (ID#:82618),See DN-3425 (ID#:82618),0.95
7970,108-VN-T01,Pre-PQ Process,SCMS-167,ASN-270,Vietnam,PMO - US,Direct Drop,EXW,Air,Pre-PQ Process,11/14/2006,14-Mar-07,14-Mar-07,14-Mar-07,ARV,Adult,SUN PHARMACEUTICAL INDUSTRIES LTD (RANBAXY LABORATORIES LIMITED),"Zidovudine 300mg, tablets, 60 Tabs",Zidovudine,Generic,300mg,Tablet,60,100,1084.0,10.84,0.18,"Ranbaxy, Paonta Shahib, India",No,See ASN-270 (ID#:5279),See ASN-270 (ID#:5279),
85430,102-BI-T30,FPQ-12602,SO-46020,DN-3381,Burundi,PMO - US,From RDC,N/A - From RDC,Air,7/9/2013,N/A - From RDC,15-Nov-13,22-Nov-13,21-Jan-14,ARV,Adult,SCMS from RDC,"Nevirapine 200mg, tablets, 60 Tabs",Nevirapine,Generic,200mg,Tablet,60,687,1552.62,2.26,0.04,"Strides, Bangalore, India.",No,See DN-3381 (ID#:84319),See DN-3381 (ID#:84319),1.92
7607,108-VN-T01,Pre-PQ Process,SCMS-37160,ASN-3561,Vietnam,PMO - US,Direct Drop,EXW,Air,Pre-PQ Process,1/16/2009,7-Apr-09,7-Apr-09,7-Apr-09,ARV,Adult,Aurobindo Pharma Limited,"Lamivudine/Zidovudine 150/300mg, tablets, 60 Tabs",Lamivudine/Zidovudine,Generic,150/300mg,Tablet - FDC,60,4032,34715.52,8.61,0.14,"Aurobindo Unit III, India",No,See ASN-3561 (ID#:2297),See ASN-3561 (ID#:2297),68.04
43140,109-TZ-T30,FPQ-13418,SCMS-219190,ASN-25073,Tanzania,PMO - US,Direct Drop,EXW,Air,12/13/2013,12/27/2013,19-May-14,19-May-14,19-May-14,ARV,Adult,HETERO LABS LIMITED,"Nevirapine 200mg, tablets, 60 Tabs",Nevirapine,Generic,200mg,Tablet,60,96200,209716.0,2.18,0.04,Hetero Unit III Hyderabad IN,Yes,6320,33343.63,215.59
22312,106-HT-T30,FPQ-12590,SCMS-210500,ASN-24629,Haiti,PMO - US,Direct Drop,CIP,Air,8/21/2013,10/23/2013,24-Feb-14,24-Feb-14,25-Feb-14,ARV,Adult,ETHNOR DEL ISTMO S.A.,"Darunavir 300mg [Prezista], tablets, 120 Tabs",Darunavir,Prezista,300mg,Tablet,120,22,1465.2,66.6,0.55,"Janssen Ortho LLC, Puerto Rico",Yes,Weight Captured Separately,Freight Included in Commodity Cost,1.81
61396,105-DO-T30,FPQ-7858,SCMS-117400,ASN-12551,Dominican Republic,PMO - US,Direct Drop,EXW,Air,6/21/2011,8/4/2011,27-Oct-11,27-Oct-11,27-Oct-11,HRDT,HIV test,"Orgenics, Ltd","HIV 1/2, Determine Complete HIV Kit, 100 Tests","HIV 1/2, Determine Complete HIV Kit",Determine,,Test kit,100,2828,260176.0,92.0,0.92,Inverness Japan,Yes,Weight Captured Separately,Invoiced Separately,429.29
77296,107-RW-T30,FPQ-3859,SCMS-48931,ASN-6763,Rwanda,PMO - US,Direct Drop,CIP,Air,6/30/2009,3/7/2010,29-Apr-10,29-Apr-10,29-Apr-10,ARV,Adult,Aurobindo Pharma Limited,"Lopinavir/Ritonavir 200/50mg, tablets, 120 Tabs",Lopinavir/Ritonavir,Generic,200/50mg,Tablet,120,4240,158406.4,37.36,0.31,"Aurobindo Unit III, India",Yes,1048,14256.58,310.48
5233,100-CI-T01,Pre-PQ Process,SCMS-3,ASN-6,Côte d'Ivoire,PMO - US,Direct Drop,EXW,Air,Pre-PQ Process,Date Not Captured,2-May-06,2-May-06,2-May-06,HRDT,HIV test,"Standard Diagnostics, Inc.","HIV 1/2, Bioline 3.0 Kit, (no accessories), 30 Tests","HIV 1/2, Bioline 3.0 Kit (no accessories)",Bioline,,Test kit,30,31,734.7,23.7,0.79,"Standard Diagnostics, Korea",Yes,11,515.32,
15176,161-ZA-T30,FPQ-5648,SCMS-75660,ASN-8695,South Africa,PMO - US,Direct Drop,DDP,Ocean,6/2/2010,6/17/2010,12-Oct-10,15-Dec-10,15-Dec-10,ARV,Adult,Aurobindo Pharma Limited,"Efavirenz 600mg, tablets, 30 Tabs",Efavirenz,Generic,600mg,Tablet,30,12000,54120.0,4.51,0.15,"Aurobindo Unit III, India",Yes,Weight Captured Separately,Freight Included in Commodity Cost,116.68
12073,109-TZ-T01,Pre-PQ Process,SO-496,DN-247,Tanzania,PMO - US,From RDC,N/A - From RDC,Air,Pre-PQ Process,N/A - From RDC,30-Jul-07,30-Jul-07,30-Jul-07,ARV,Pediatric,SCMS from RDC,"Lopinavir/Ritonavir 80/20mg/ml [Kaletra], oral solution, cool, Bottle 5 x 60 ml",Lopinavir/Ritonavir,Kaletra,80/20mg/ml,Oral solution,300,147,6041.7,41.1,0.14,ABBVIE (Abbott) Logis. UK,No,See DN-247 (ID#:11139),See DN-247 (ID#:11139),9.67
12791,106-HT-T01,Pre-PQ Process,SO-2050,DN-736,Haiti,PMO - US,From RDC,N/A - From RDC,Air,Pre-PQ Process,N/A - From RDC,29-May-08,29-May-08,29-May-08,ARV,Pediatric,SCMS from RDC,"Lamivudine 10mg/ml, oral solution, Bottle, 240 ml",Lamivudine,Generic,10mg/ml,Oral solution,240,2415,4757.55,1.97,0.01,"Aurobindo Unit III, India",No,See DN-736 (ID#:12790),See DN-736 (ID#:12790),7.61
70516,133-NG-T30,FPQ-14995,SCMS-260700,ASN-29933,Nigeria,PMO - US,Direct Drop,EXW,Air,9/22/2014,10/29/2014,19-Jan-15,19-Jan-15,22-Jan-15,HRDT,HIV test,"Orgenics, Ltd","HIV 1/2, Determine Complete HIV Kit, 100 Tests","HIV 1/2, Determine Complete HIV Kit",Determine,,Test kit,100,3176,282664.0,89.0,0.89,"Alere Medical Co., Ltd.",Yes,1288,16002.97,290.58
82785,151-NG-T30,FPQ-14766,SO-49685,DN-4172,Nigeria,PMO - US,From RDC,N/A - From RDC,Air Charter,8/13/2014,N/A - From RDC,28-Feb-15,10-Mar-15,17-Mar-15,ARV,Adult,SCMS from RDC,"Lamivudine/Nevirapine/Zidovudine 150/200/300mg, tablets, 60 Tabs",Lamivudine/Nevirapine/Zidovudine,Generic,150/300/200mg,Tablet - FDC,60,350505,2705898.6,7.72,0.13,"Cipla, Goa, India",Yes,72975,129843.24,2781.66
84594,105-GY-T30,FPQ-6307,SO-37400,DN-2017,Guyana,PMO - US,From RDC,N/A - From RDC,Air,8/30/2010,N/A - From RDC,23-Nov-10,19-Sep-10,19-Sep-10,ARV,Pediatric,SCMS from RDC,"Lamivudine 10mg/ml, oral solution, Bottle, 240 ml",Lamivudine,Generic,10mg/ml,Oral solution,240,316,609.88,1.93,0.01,"Aurobindo Unit III, India",No,See DN-2017 (ID#:82918),See DN-2017 (ID#:82918),1.31
72445,104-CI-T30,FPQ-10764,SCMS-162872,ASN-20045,Côte d'Ivoire,PMO - US,Direct Drop,EXW,Air,10/10/2012,4/17/2013,24-Jun-13,24-Jun-13,24-Jun-13,HRDT,HIV test,BIO-RAD LABORATORIES (FRANCE),"HIV 1/2, Genie III Kit, 50 Tests","HIV 1/2, Genie III Kit",Genie,,Test kit,50,300,27300.0,91.0,1.82,Bio-Rad Laboratories,Yes,728,6879.32,38.27
26917,117-ET-T30,FPQ-6608,SCMS-92100,ASN-9295,Ethiopia,PMO - US,Direct Drop,EXW,Air,11/9/2010,11/24/2010,13-Jan-11,13-Jan-11,13-Jan-11,HRDT,HIV test,"SHANGHAI KEHUA BIOENGINEERING CO.,LTD.  (KHB)","HIV 1/2, SKB Colloidal Gold, Diagnostic Kit, Antibody, 50 Tests","HIV 1/2, Colloidal Gold, Diagnostic Kit, Antibody",Colloidal Gold,,Test kit,1,990,22770.0,23.0,23.0,"KHB Test Kit Facility, Shanghai China",Yes,718,6161.42,37.57
55087,133-NG-T30,FPQ-15504,SCMS-270760,ASN-31768,Nigeria,PMO - US,Direct Drop,EXW,Air,12/8/2014,1/26/2015,30-Apr-15,30-Apr-15,5-May-15,HRDT,HIV test,"CHEMBIO DIAGNOSTIC SYSTEMS, INC.","HIV 1/2, Stat-Pak HIV, Kit, 20 Tests","HIV 1/2, Stat-Pak HIV, Kit",Stat-Pak,,Test kit,20,1620,51840.0,32.0,1.6,Chembio Diagnostics Sys. Inc.,Yes,Weight Captured Separately,Invoiced Separately,61.02
85075,123-NG-T30,FPQ-4071,SO-33280,DN-1533,Nigeria,PMO - US,From RDC,N/A - From RDC,Air Charter,8/12/2009,N/A - From RDC,24-Nov-09,20-Nov-09,20-Nov-09,ARV,Adult,SCMS from RDC,"Lamivudine 150mg, tablets, 60 Tabs",Lamivudine,Generic,150mg,Tablet,60,50000,122000.0,2.44,0.04,"Aurobindo Unit III, India",Yes,2390,Freight Included in Commodity Cost,239.12
10944,111-MZ-T01,Pre-PQ Process,SO-1063,DN-597,Mozambique,PMO - US,From RDC,N/A - From RDC,Air,Pre-PQ Process,N/A - From RDC,29-Feb-08,29-Feb-08,29-Feb-08,HRDT,HIV test - Ancillary,SCMS from RDC,"HIV, Lancet, Safety, for HIV Test kits, 100 Pcs","HIV, Lancet, Safety, for HIV Test kits, 100 Pcs",Generic,,Test kit - Ancillary,100,4300,43.0,0.01,0.0,Inverness Japan,No,See DN-597 (ID#:10671),See DN-597 (ID#:10671),0.07
85262,104-CI-T30,FPQ-8790,SO-41200,DN-2652,Côte d'Ivoire,PMO - US,From RDC,N/A - From RDC,Air,11/11/2011,N/A - From RDC,30-May-12,30-May-12,30-May-12,ARV,Adult,SCMS from RDC,"Abacavir/Lamivudine 600/300mg, scored tablets, 30 Tabs",Abacavir/Lamivudine,Generic,600/300mg,Tablet - FDC,30,1620,36450.0,22.5,0.75,Mylan (formerly Matrix) Nashik,No,See DN-2652 (ID#:82477),See DN-2652 (ID#:82477),51.1
64685,105-GY-T30,FPQ-12235,SCMS-190750,ASN-20442,Guyana,PMO - US,Direct Drop,EXW,Air,5/6/2013,5/21/2013,17-Jul-13,17-Jul-13,17-Jul-13,HRDT,HIV test,"CHEMBIO DIAGNOSTIC SYSTEMS, INC.","HIV 1/2, Stat-Pak HIV, Kit, 20 Tests","HIV 1/2, Stat-Pak HIV, Kit",Stat-Pak,,Test kit,20,25,725.0,29.0,1.45,Chembio Diagnostics Sys. Inc.,Yes,7,130,0.9
72914,901-NA-T30,FPQ-14728,SCMS-252640,ASN-28483,Namibia,PMO - US,Direct Drop,EXW,Air,7/30/2014,8/14/2014,22-Oct-14,22-Oct-14,22-Oct-14,ARV,Adult,HETERO LABS LIMITED,"Lamivudine/Tenofovir Disoproxil Fumarate 300/300mg, tablets, 30 Tabs",Lamivudine/Tenofovir Disoproxil Fumarate,Generic,300/300mg,Tablet - FDC,30,23322,107747.64,4.62,0.15,Hetero Unit III Hyderabad IN,Yes,2637,13397.02,110.76
83114,102-ZW-T30,FPQ-10674,SO-43240,DN-3037,Zimbabwe,PMO - US,From RDC,N/A - From RDC,Truck,9/18/2012,N/A - From RDC,30-Mar-13,23-Mar-13,23-Mar-13,ARV,Adult,SCMS from RDC,"Abacavir/Lamivudine 600/300mg, scored tablets, 30 Tabs",Abacavir/Lamivudine,Generic,600/300mg,Tablet - FDC,30,270,3769.2,13.96,0.47,Mylan (formerly Matrix) Nashik,Yes,18,1100,5.28
3848,108-VN-T01,Pre-PQ Process,SCMS-45020,ASN-4403,Vietnam,PMO - US,Direct Drop,EXW,Air,Pre-PQ Process,4/29/2009,3-Aug-09,3-Aug-09,3-Aug-09,ARV,Adult,MYLAN LABORATORIES LTD (FORMERLY MATRIX LABORATORIES),"Efavirenz 600mg, tablets, 30 Tabs",Efavirenz,Generic,600mg,Tablet,30,6552,42588.0,6.5,0.22,Mylan (formerly Matrix) Nashik,Yes,524,4453.71,83.47
83431,104-CI-T30,FPQ-5201,SO-36341,DN-1845,Côte d'Ivoire,PMO - US,From RDC,N/A - From RDC,Air,3/3/2010,N/A - From RDC,15-Jun-10,7-Jun-10,7-Jun-10,ARV,Adult,SCMS from RDC,"Stavudine 30mg, capsules, 60 Caps",Stavudine,Generic,30mg,Capsule,60,2000,2820.0,1.41,0.02,"Strides, Bangalore, India.",Yes,98,2201.14,6.08
73177,108-VN-T30,FPQ-12539,SCMS-210810,ASN-23667,Vietnam,PMO - US,Direct Drop,EXW,Air,7/11/2013,10/14/2013,22-Jan-14,22-Jan-14,22-Jan-14,ARV,Adult,HETERO LABS LIMITED,"Efavirenz 600mg, tablets, 30 Tabs",Efavirenz,Generic,600mg,Tablet,30,983,3184.92,3.24,0.11,Hetero Unit III Hyderabad IN,Yes,93,668.75,3.94
48690,106-HT-T30,FPQ-11442,SCMS-177181,ASN-18922,Haiti,PMO - US,Direct Drop,EXW,Air,1/30/2013,3/11/2013,25-Apr-13,25-Apr-13,25-Apr-13,ARV,Pediatric,Aurobindo Pharma Limited,"Lamivudine 10mg/ml, oral solution w/syringe, Bottle, 240 ml",Lamivudine,Generic,10mg/ml,Oral solution,240,2064,2951.52,1.43,0.01,"Aurobindo Unit III, India",Yes,751,5754.16,3.65
84522,110-ZM-T30,FPQ-4035,SO-34930,DN-1583,Zambia,PMO - US,From RDC,N/A - From RDC,Truck,8/5/2009,N/A - From RDC,15-Jan-10,14-Dec-09,14-Dec-09,ARV,Adult,SCMS from RDC,"Nevirapine 200mg, tablets, 60 Tabs",Nevirapine,Generic,200mg,Tablet,60,80000,232000.0,2.9,0.05,"Cipla, Goa, India",Yes,8756,13844.72,454.72
10562,110-ZM-T01,Pre-PQ Process,SO-498,DN-182,Zambia,PMO - US,From RDC,N/A - From RDC,,Pre-PQ Process,N/A - From RDC,14-Jun-07,14-Jun-07,14-Jun-07,ARV,Adult,SCMS from RDC,"Abacavir 300mg, tablets, 60 Tabs",Abacavir,Generic,300mg,Tablet,60,8905,318799.0,35.8,0.6,"Aurobindo Unit III, India",Yes,3139,13094.69,
85254,110-ZM-T30,FPQ-8476,SO-40955,DN-2624,Zambia,PMO - US,From RDC,N/A - From RDC,Truck,9/27/2011,N/A - From RDC,15-May-12,30-Apr-12,30-Apr-12,ARV,Adult,SCMS from RDC,"Zidovudine 300mg, tablets, 60 Tabs",Zidovudine,Generic,300mg,Tablet,60,136109,955485.18,7.02,0.12,Hetero Unit III Hyderabad IN,No,See DN-2624 (ID#:83584),See DN-2624 (ID#:83584),1576.55
7720,116-ZA-T01,Pre-PQ Process,SCMS-40780,ASN-3607,South Africa,PMO - US,Direct Drop,DDP,Air,Pre-PQ Process,Date Not Captured,17-Mar-09,28-Nov-08,28-Nov-08,ARV,Adult,S. BUYS WHOLESALER,"Lopinavir/Ritonavir 200/50mg [Aluvia], tablets, 120 Tabs",Lopinavir/Ritonavir,Aluvia,200/50mg,Tablet,120,1500,47880.0,31.92,0.27,ABBVIE Ludwigshafen Germany,No,Weight Captured Separately,Freight Included in Commodity Cost,93.84
12244,510-KE-T01,Pre-PQ Process,SO-12700,DN-880,Kenya,PMO - US,From RDC,N/A - From RDC,Truck,Pre-PQ Process,N/A - From RDC,8-Aug-08,8-Aug-08,8-Aug-08,HRDT,HIV test,SCMS from RDC,"HIV 1/2, Uni-Gold HIV Kit, 20 Tests","HIV 1/2, Uni-Gold HIV Kit",Uni-Gold,,Test kit,20,168,5376.0,32.0,1.6,"Trinity Biotech, Plc",Yes,56,167.44,8.6
37324,103-UG-T30,FPQ-10289,SCMS-153580,ASN-16006,Uganda,PMO - US,Direct Drop,EXW,Air,7/11/2012,7/31/2012,29-Aug-12,29-Aug-12,29-Aug-12,ARV,Adult,MYLAN LABORATORIES LTD (FORMERLY MATRIX LABORATORIES),"Efavirenz/Lamivudine/Tenofovir Disoproxil Fumarate 600/300/300mg, tablets, 30 Tabs",Efavirenz/Lamivudine/Tenofovir Disoproxil Fumarate,Generic,600/300/300mg,Tablet - FDC,30,205042,2458453.58,11.99,0.4,Mylan (formerly Matrix) Nashik,Yes,24556,146850.66,3446.75
3770,116-ZA-T01,Pre-PQ Process,SCMS-41583,ASN-4339,South Africa,PMO - US,Direct Drop,DDP,Air,Pre-PQ Process,3/27/2009,25-Jun-09,9-Apr-09,9-Apr-09,ARV,Adult,S. BUYS WHOLESALER,"Stavudine 15mg [Zerit], capsules, 60 Caps",Stavudine,Zerit,15mg,Capsule,60,1800,7110.0,3.95,0.07,"BMS Meymac, France",No,Weight Captured Separately,Freight Included in Commodity Cost,13.94
70029,108-VN-T30,FPQ-5094,SCMS-68530,ASN-7300,Vietnam,PMO - US,Direct Drop,EXW,Air,3/15/2010,3/24/2010,29-Jul-10,29-Jul-10,29-Jul-10,ARV,Adult,Aurobindo Pharma Limited,"Lamivudine/Zidovudine 150/300mg, tablets, 60 Tabs",Lamivudine/Zidovudine,Generic,150/300mg,Tablet - FDC,60,9072,77565.6,8.55,0.14,"Aurobindo Unit III, India",Yes,902,7421.81,167.23
84672,901-SZ-T30,FPQ-8360,SO-40580,DN-2359,Swaziland,PMO - US,From RDC,N/A - From RDC,Air,9/2/2011,N/A - From RDC,30-Sep-11,6-Oct-11,6-Oct-11,ARV,Adult,SCMS from RDC,"Lopinavir/Ritonavir 200/50mg, tablets, 120 Tabs",Lopinavir/Ritonavir,Generic,200/50mg,Tablet,120,5410,181776.0,33.6,0.28,"Aurobindo Unit III, India",No,See DN-2359 (ID#:84113),See DN-2359 (ID#:84113),299.93
85181,114-UG-T30,FPQ-6427,SO-38760,DN-2144,Uganda,PMO - US,From RDC,N/A - From RDC,Truck,9/29/2010,N/A - From RDC,31-Mar-11,1-Apr-11,1-Apr-11,ARV,Adult,SCMS from RDC,"Nevirapine 200mg, tablets, 60 Tabs",Nevirapine,Generic,200mg,Tablet,60,11979,30067.29,2.51,0.04,"Strides, Bangalore, India.",No,See DN-2144 (ID#:83493),See DN-2144 (ID#:83493),64.83
11764,113-ZW-T01,Pre-PQ Process,SO-292,DN-317,Zimbabwe,PMO - US,From RDC,N/A - From RDC,,Pre-PQ Process,N/A - From RDC,28-Aug-07,28-Aug-07,28-Aug-07,ARV,Adult,SCMS from RDC,"Nevirapine 200mg, tablets, 60 Tabs",Nevirapine,Generic,200mg,Tablet,60,1629,5978.43,3.67,0.06,"Aurobindo Unit III, India",Yes,152,912.45,9.57
11003,104-CI-T01,Pre-PQ Process,SO-16220,DN-1069,Côte d'Ivoire,PMO - US,From RDC,N/A - From RDC,Air,Pre-PQ Process,N/A - From RDC,11-Feb-09,11-Feb-09,11-Feb-09,ARV,Pediatric,SCMS from RDC,"Efavirenz 30mg/ml [Stocrin/Sustiva], oral solution, Bottle, 180 ml",Efavirenz,Stocrin/Sustiva,30mg/ml,Oral solution,180,3271,55476.16,16.96,0.09,"MSD, Haarlem, NL",Yes,933,3409.91,108.73
84843,104-CI-T30,FPQ-10633,SO-43362,DN-3282,Côte d'Ivoire,PMO - US,From RDC,N/A - From RDC,Truck,9/11/2012,N/A - From RDC,15-Aug-13,14-Aug-13,14-Aug-13,ARV,Adult,SCMS from RDC,"Lamivudine/Tenofovir Disoproxil Fumarate 300/300mg, tablets, 30 Tabs",Lamivudine/Tenofovir Disoproxil Fumarate,Generic,300/300mg,Tablet - FDC,30,8000,37600.0,4.7,0.16,Hetero Unit III Hyderabad IN,Yes,315,10807.98,52.72
17944,161-ZA-T30,FPQ-5303,SCMS-68720,ASN-7538,South Africa,PMO - US,Direct Drop,DDP,Air,3/18/2010,3/19/2010,19-Jul-10,29-Jul-10,29-Jul-10,ARV,Adult,CIPLA LIMITED,"Tenofovir Disoproxil Fumarate 300mg, tablets, 30 Tabs",Tenofovir Disoproxil Fumarate,Generic,300mg,Tablet,30,47625,372427.5,7.82,0.26,"Cipla, Goa, India",Yes,3243,1881.24,802.95
5703,108-VN-T01,Pre-PQ Process,SCMS-20341,ASN-1691,Vietnam,PMO - US,Direct Drop,EXW,Air,Pre-PQ Process,4/10/2008,1-Jun-08,22-May-08,22-May-08,ARV,Adult,MYLAN LABORATORIES LTD (FORMERLY MATRIX LABORATORIES),"Tenofovir Disoproxil Fumarate 300mg, tablets, 30 Tabs",Tenofovir Disoproxil Fumarate,Generic,300mg,Tablet,30,2016,27538.56,13.66,0.46,Mylan (formerly Matrix) Nashik,Yes,122,2864.44,44.06
82420,109-TZ-T30,FPQ-7675,SO-39750,DN-2445,Tanzania,PMO - US,From RDC,N/A - From RDC,Air,5/18/2011,N/A - From RDC,30-Jan-12,22-Dec-11,22-Dec-11,ARV,Pediatric,SCMS from RDC,"Abacavir 20mg/ml, oral solution w/syringe, Bottle, 240 ml",Abacavir,Generic,20mg/ml,Oral solution,240,2335,29187.5,12.5,0.05,"Aurobindo Unit III, India",Yes,9523,Freight Included in Commodity Cost,48.16
60811,114-UG-T30,FPQ-5457,SCMS-75280,ASN-7478,Uganda,PMO - US,Direct Drop,FCA,Air,5/7/2010,6/7/2010,19-Jul-10,19-Jul-10,19-Jul-10,ARV,Adult,ABBVIE LOGISTICS (FORMERLY ABBOTT LOGISTICS BV),"Ritonavir 100mg [Norvir], capsules, cool, 4 x 84 Caps",Ritonavir,Norvir,100mg,Capsule,336,15,575.4,38.36,0.11,ABBVIE (Abbott) Logis. UK,Yes,53,708.2,1.24
77181,114-UG-T30,FPQ-11153,SCMS-171920,ASN-18279,Uganda,PMO - US,Direct Drop,EXW,Air,12/13/2012,1/11/2013,5-Mar-13,5-Mar-13,5-Mar-13,ARV,Pediatric,Aurobindo Pharma Limited,"Efavirenz 50mg, capsule, 30 Caps",Efavirenz,Generic,50mg,Capsule,30,196,439.04,2.24,0.07,"Aurobindo Unit III, India",Yes,12,917.35,0.54
47301,103-ZW-T30,FPQ-15398,SCMS-264880,ASN-29746,Zimbabwe,PMO - US,Direct Drop,EXW,Air,11/14/2014,11/17/2014,3-Feb-15,3-Feb-15,3-Feb-15,ARV,Pediatric,MYLAN LABORATORIES LTD (FORMERLY MATRIX LABORATORIES),"Lamivudine/Nevirapine/Zidovudine 30/50/60mg, dispersible tablets, 60 Tabs",Lamivudine/Nevirapine/Zidovudine,Generic,30/50/60mg,Chewable/dispersible tablet - FDC,60,814,0.01,0.0,0.0,Mylan (formerly Matrix) Nashik,Yes,60,1344.94,0.0
84194,102-ZW-T30,FPQ-9927,SO-42280,DN-2878,Zimbabwe,PMO - US,From RDC,N/A - From RDC,Truck,5/15/2012,N/A - From RDC,31-Oct-12,18-Oct-12,18-Oct-12,ARV,Adult,SCMS from RDC,"Nevirapine 200mg, tablets, 60 Tabs",Nevirapine,Generic,200mg,Tablet,60,74469,180214.98,2.42,0.04,Hetero Unit III Hyderabad IN,Yes,4282,8443.89,252.66
11352,113-ZW-T01,Pre-PQ Process,SO-21020,DN-1411,Zimbabwe,PMO - US,From RDC,N/A - From RDC,Truck,Date Not Captured,N/A - From RDC,22-Sep-09,22-Sep-09,22-Sep-09,ARV,Adult,SCMS from RDC,"Efavirenz 600mg, tablets, 30 Tabs",Efavirenz,Generic,600mg,Tablet,30,4000,42480.0,10.62,0.35,"Aurobindo Unit III, India",Yes,9020,14958.2,83.26
83444,114-UG-T30,FPQ-5238,SO-36070,DN-1949,Uganda,PMO - US,From RDC,N/A - From RDC,Air,3/2/2010,N/A - From RDC,4-Aug-10,2-Aug-10,2-Aug-10,ARV,Adult,SCMS from RDC,"Lamivudine/Nevirapine/Zidovudine 150/200/300mg, tablets, 60 Tabs",Lamivudine/Nevirapine/Zidovudine,Generic,150/300/200mg,Tablet - FDC,60,8000,89760.0,11.22,0.19,Mylan (formerly Matrix) Nashik,Yes,1642,15347.04,193.52
82911,100-DO-T30,FPQ-6079,SO-37200,DN-1985,Dominican Republic,PMO - US,From RDC,N/A - From RDC,Air,7/16/2010,N/A - From RDC,30-Aug-10,28-Aug-10,28-Aug-10,ARV,Adult,SCMS from RDC,"Lamivudine/Tenofovir Disoproxil Fumarate 300/300mg, tablets, 30 Tabs",Lamivudine/Tenofovir Disoproxil Fumarate,Generic,300/300mg,Tablet - FDC,30,6000,57780.0,9.63,0.32,Mylan (formerly Matrix) Nashik,Yes,1726,17450.76,124.57
29752,108-VN-T30,FPQ-9577,SCMS-145531,ASN-16964,Vietnam,PMO - US,Direct Drop,EXW,Air,4/11/2012,6/12/2012,26-Nov-12,26-Nov-12,26-Nov-12,ARV,Adult,MYLAN LABORATORIES LTD (FORMERLY MATRIX LABORATORIES),"Efavirenz/Lamivudine/Tenofovir Disoproxil Fumarate 600/300/300mg, tablets, 30 Tabs",Efavirenz/Lamivudine/Tenofovir Disoproxil Fumarate,Generic,600/300/300mg,Tablet - FDC,30,40000,520000.0,13.0,0.43,Mylan (formerly Matrix) Nashik,Yes,4233,6878.63,729.04
12144,111-MZ-T01,Pre-PQ Process,SO-1039,DN-601,Mozambique,PMO - US,From RDC,N/A - From RDC,Air,Pre-PQ Process,N/A - From RDC,8-Apr-08,5-Apr-08,5-Apr-08,ARV,Adult,SCMS from RDC,"Indinavir 400mg [Crixivan], capsules, 180 Caps",Indinavir,Crixivan,400mg,Capsule,180,665,33250.0,50.0,0.28,"MSD, Haarlem, NL",No,See DN-601 (ID#:10651),See DN-601 (ID#:10651),53.2
44131,116-ZA-T30,FPQ-15269,SCMS-267020,ASN-29764,South Africa,PMO - US,Direct Drop,DDP,Truck,10/29/2014,12/10/2014,10-Dec-14,10-Dec-14,10-Dec-14,ARV,Adult,S. BUYS WHOLESALER,"Abacavir 300mg, tablets, 60 Tabs",Abacavir,Generic,300mg,Tablet,60,82,5009.96,61.1,1.02,"Aurobindo Unit III, India",No,Weight Captured Separately,Freight Included in Commodity Cost,5.9
12067,112-NG-T01,Pre-PQ Process,SO-636,DN-191,Nigeria,PMO - US,From RDC,N/A - From RDC,,Pre-PQ Process,N/A - From RDC,26-Jun-07,26-Jun-07,26-Jun-07,ARV,Adult,SCMS from RDC,"Lamivudine/Nevirapine/Stavudine 150/200/40mg, tablets, 60 Tabs",Lamivudine/Nevirapine/Stavudine,Generic,150/200/40mg,Tablet - FDC,60,903,6953.1,7.7,0.13,"Cipla, Goa, India",Yes,57,1339.8,11.12
33773,116-ZA-T30,FPQ-14942,SCMS-259077,ASN-33477,South Africa,PMO - US,Direct Drop,DDP,Truck,9/11/2014,10/9/2014,24-Jul-15,24-Jul-15,24-Jul-15,ARV,Adult,PHARMACY DIRECT,"Lamivudine 150mg, tablets, 60 Tabs",Lamivudine,Generic,150mg,Tablet,60,65,429.44,6.61,0.11,"Aurobindo Unit III, India",No,Weight Captured Separately,Freight Included in Commodity Cost,0.44
86661,111-MZ-T30,FPQ-13123,SO-47083,DN-3580,Mozambique,PMO - US,From RDC,N/A - From RDC,Truck,10/21/2013,N/A - From RDC,15-Apr-14,14-Apr-14,17-Apr-14,ARV,Pediatric,SCMS from RDC,"Nevirapine 10mg/ml, oral suspension w/syringe, Bottle, 240 ml",Nevirapine,Generic,10mg/ml,Oral suspension,240,4584,8526.24,1.86,0.01,"Aurobindo Unit III, India",No,See DN-3580 (ID#:83772),See DN-3580 (ID#:83772),8.76
83893,102-ZW-T30,FPQ-15196,SO-50000,DN-4156,Zimbabwe,PMO - US,From RDC,N/A - From RDC,Truck,10/16/2014,N/A - From RDC,30-Apr-15,17-Mar-15,18-Mar-15,ARV,Adult,SCMS from RDC,"Efavirenz/Lamivudine/Tenofovir Disoproxil Fumarate 600/300/300mg, tablets, 30 Tabs",Efavirenz/Lamivudine/Tenofovir Disoproxil Fumarate,Generic,600/300/300mg,Tablet - FDC,30,81589,783254.4,9.6,0.32,"Aurobindo Unit VII, IN",Yes,21668,23559.93,921.89
466,117-ET-T01,Pre-PQ Process,SCMS-21550,ASN-1741,Ethiopia,PMO - US,Direct Drop,DDP,Air,Pre-PQ Process,Date Not Captured,9-May-08,9-May-08,9-May-08,HRDT,HIV test,TURE PHARMACEUTICALS & MEDICAL SUPPLIES P.L.C.,"HIV 1/2, Uni-Gold HIV Kit, 20 Tests","HIV 1/2, Uni-Gold HIV Kit",Uni-Gold,,Test kit,20,15,691.42,46.09,2.3,"Trinity Biotech, Plc",Yes,Weight Captured Separately,Freight Included in Commodity Cost,1.11
2705,106-HT-T01,Pre-PQ Process,SCMS-276,ASN-194,Haiti,PMO - US,Direct Drop,EXW,Air,Pre-PQ Process,Date Not Captured,7-Feb-07,7-Feb-07,7-Feb-07,HRDT,HIV test,Orasure Technologies Inc.,"HIV 1/2, OraQuick Advance HIV Rapid Antibody Kit, 100 Tests","HIV 1/2, OraQuick Advance HIV Rapid Antibody Kit",OraQuick,,Test kit,100,25,10000.0,400.0,4.0,"Pacific Biotech, Thailand",Yes,60,1498.02,
12749,104-CI-T01,Pre-PQ Process,SO-1297,DN-449,Côte d'Ivoire,PMO - US,From RDC,N/A - From RDC,Air,Pre-PQ Process,N/A - From RDC,18-Dec-07,18-Dec-07,18-Dec-07,ARV,Adult,SCMS from RDC,"Lopinavir/Ritonavir 200/50mg [Aluvia], tablets, 120 Tabs",Lopinavir/Ritonavir,Aluvia,200/50mg,Tablet,120,403,16563.3,41.1,0.34,ABBVIE Ludwigshafen Germany,Yes,88,1603.44,26.5
19105,107-RW-T30,FPQ-8741,SCMS-129760,ASN-15231,Rwanda,PMO - US,Direct Drop,EXW,Air,11/30/2011,3/9/2012,22-Jun-12,22-Jun-12,22-Jun-12,ARV,Pediatric,CIPLA LIMITED,"Abacavir 20mg/ml, oral solution, Bottle, 240 ml",Abacavir,Generic,20mg/ml,Oral solution,240,4534,38539.0,8.5,0.04,"Cipla, Goa, India",Yes,1631,13116.57,54.03
83872,111-MZ-T30,FPQ-13575,SO-47705,DN-4081,Mozambique,PMO - US,From RDC,N/A - From RDC,Truck,1/17/2014,N/A - From RDC,27-Feb-15,3-Mar-15,9-Mar-15,ARV,Adult,SCMS from RDC,"Abacavir 300mg, tablets, 60 Tabs",Abacavir,Generic,300mg,Tablet,60,2173,24685.28,11.36,0.19,Mylan (formerly Matrix) Nashik,Yes,4076,4834.6,25.38
11688,111-MZ-T01,Pre-PQ Process,SO-33580,DN-1467,Mozambique,PMO - US,From RDC,N/A - From RDC,Air,Date Not Captured,N/A - From RDC,7-Nov-09,7-Nov-09,7-Nov-09,ARV,Adult,SCMS from RDC,"Lamivudine/Zidovudine 150/300mg, tablets, 60 Tabs",Lamivudine/Zidovudine,Generic,150/300mg,Tablet - FDC,60,16524,144750.24,8.76,0.15,"Aurobindo Unit III, India",Yes,1488,4764.16,283.71
12203,130-NG-T01,Pre-PQ Process,SO-2500,DN-729,Nigeria,PMO - US,From RDC,N/A - From RDC,Air,Pre-PQ Process,N/A - From RDC,9-May-08,9-May-08,9-May-08,ARV,Adult,SCMS from RDC,"Nevirapine 200mg, tablets, 60 Tabs",Nevirapine,Generic,200mg,Tablet,60,1666,5664.4,3.4,0.06,"Aurobindo Unit III, India",No,See DN-729 (ID#:11895),See DN-729 (ID#:11895),9.06
86363,151-NG-T30,FPQ-6243,SO-38390,DN-2101,Nigeria,PMO - US,From RDC,N/A - From RDC,Air Charter,8/25/2010,N/A - From RDC,17-Feb-11,16-Feb-11,16-Feb-11,ARV,Adult,SCMS from RDC,"Efavirenz 600mg, tablets, 30 Tabs",Efavirenz,Generic,600mg,Tablet,30,20418,88614.12,4.34,0.14,Mylan (formerly Matrix) Nashik,No,See DN-2101 (ID#:85735),See DN-2101 (ID#:85735),191.05
59258,133-NG-T30,FPQ-16329,SCMS-289130,ASN-32959,Nigeria,PMO - US,Direct Drop,EXW,Air,5/7/2015,5/26/2015,14-Jul-15,9-Jul-15,9-Jul-15,HRDT,HIV test,"Orgenics, Ltd","HIV 1/2, Determine Complete HIV Kit, 100 Tests","HIV 1/2, Determine Complete HIV Kit",Determine,,Test kit,100,6523,580547.0,89.0,0.89,"Alere Medical Co., Ltd.",Yes,6523,Freight Included in Commodity Cost,683.3
11548,119-NA-T01,Pre-PQ Process,SO-1764,DN-635,Namibia,PMO - US,From RDC,N/A - From RDC,Air,Pre-PQ Process,N/A - From RDC,14-Mar-08,14-Mar-08,14-Mar-08,ARV,Adult,SCMS from RDC,"Efavirenz 600mg, tablets, 30 Tabs",Efavirenz,Generic,600mg,Tablet,30,21000,252210.0,12.01,0.4,"Aurobindo Unit III, India",Yes,1815,6074.62,403.54
82765,104-CI-T30,FPQ-14370,SO-49052,DN-4064,Côte d'Ivoire,PMO - US,From RDC,N/A - From RDC,Truck,5/23/2014,N/A - From RDC,16-Feb-15,19-Jan-15,27-Jan-15,ARV,Adult,SCMS from RDC,"Efavirenz 600mg, tablets, 30 Tabs",Efavirenz,Generic,600mg,Tablet,30,10000,31200.0,3.12,0.1,"Cipla, Goa, India",Yes,24636,46181.17,32.07
84502,104-CI-T30,FPQ-4187,SO-33660,DN-1477,Côte d'Ivoire,PMO - US,From RDC,N/A - From RDC,Air,9/9/2009,N/A - From RDC,23-Oct-09,16-Oct-09,16-Oct-09,ARV,Adult,SCMS from RDC,"Nevirapine 200mg, tablets, 60 Tabs",Nevirapine,Generic,200mg,Tablet,60,7400,21460.0,2.9,0.05,"Aurobindo Unit III, India",Yes,714,2336.26,42.06
84281,102-ZW-T30,FPQ-11477,SO-44270,DN-3287,Zimbabwe,PMO - US,From RDC,N/A - From RDC,Truck,1/16/2013,N/A - From RDC,20-Sep-13,20-Sep-13,20-Sep-13,ARV,Adult,SCMS from RDC,"Efavirenz/Lamivudine/Tenofovir Disoproxil Fumarate 600/300/300mg, tablets, 30 Tabs",Efavirenz/Lamivudine/Tenofovir Disoproxil Fumarate,Generic,600/300/300mg,Tablet - FDC,30,59680,627833.6,10.52,0.35,Hetero Unit III Hyderabad IN,Yes,7831,4529.65,776.63
1638,111-MZ-T01,Pre-PQ Process,SCMS-18340,ASN-1746,Mozambique,PMO - US,Direct Drop,EXW,Air,Pre-PQ Process,2/27/2008,9-Jul-08,4-Jul-08,4-Jul-08,HRDT,HIV test,"Orgenics, Ltd","HIV 1/2, Determine HIV Kit, without Lancets, 100 Tests","HIV 1/2, Determine HIV Kit, without Lancets",Determine,,Test kit,100,3000,215970.0,71.99,0.72,Inverness Japan,Yes,682,5298.9,345.55
85630,112-NG-T30,FPQ-4040,SO-32980,DN-1456,Nigeria,PMO - US,From RDC,N/A - From RDC,Air Charter,7/29/2009,N/A - From RDC,15-Oct-09,20-Oct-09,20-Oct-09,ARV,Adult,SCMS from RDC,"Emtricitabine/Tenofovir Disoproxil Fumarate 200/300mg, tablets, 30 Tabs",Emtricitabine/Tenofovir Disoproxil Fumarate,Generic,200/300mg,Tablet - FDC,30,600,7050.0,11.75,0.39,Mylan (formerly Matrix) Nashik,No,See DN-1456 (ID#:83952),See DN-1456 (ID#:83952),13.82
12790,106-HT-T01,Pre-PQ Process,SO-2050,DN-736,Haiti,PMO - US,From RDC,N/A - From RDC,Air,Pre-PQ Process,N/A - From RDC,29-May-08,29-May-08,29-May-08,ARV,Adult,SCMS from RDC,"Abacavir 300mg, tablets, 60 Tabs",Abacavir,Generic,300mg,Tablet,60,270,7433.1,27.53,0.46,Mylan (formerly Matrix) Nashik,Yes,862,9711.2,11.89
9100,133-NG-T01,Pre-PQ Process,SCMS-43320,ASN-4100,Nigeria,PMO - US,Direct Drop,EXW,Air,Pre-PQ Process,4/9/2009,24-Jun-09,8-Jun-09,8-Jun-09,HRDT,HIV test,"Orgenics, Ltd","HIV 1/2, Determine Complete HIV Kit, 100 Tests","HIV 1/2, Determine Complete HIV Kit",Determine,,Test kit,100,1500,120000.0,80.0,0.8,Inverness Japan,Yes,445,7120,235.2
17145,110-PK-T30,FPQ-9019,SCMS-132510,ASN-13948,Pakistan,PMO - US,Direct Drop,EXW,Air,12/27/2011,1/17/2012,29-Jun-12,29-Jun-12,29-Jun-12,HRDT,HIV test,"Orgenics, Ltd","HIV 1/2, Determine Complete HIV Kit, 100 Tests","HIV 1/2, Determine Complete HIV Kit",Determine,,Test kit,100,2352,188160.0,80.0,0.8,"Alere Medical Co., Ltd.",Yes,1117,14959.83,263.8
11960,104-CI-T01,Pre-PQ Process,SO-970,DN-1163,Côte d'Ivoire,PMO - US,From RDC,N/A - From RDC,Air,Pre-PQ Process,N/A - From RDC,23-Mar-09,23-Mar-09,23-Mar-09,ARV,Pediatric,SCMS from RDC,"Lopinavir/Ritonavir 80/20mg/ml [Kaletra], oral solution, cool, Bottle 5 x 60 ml",Lopinavir/Ritonavir,Kaletra,80/20mg/ml,Oral solution,300,1500,61650.0,41.1,0.14,ABBVIE (Abbott) Logis. UK,No,See DN-1163 (ID#:11030),See DN-1163 (ID#:11030),120.83
12472,104-CI-T01,Pre-PQ Process,SO-1663,DN-611,Côte d'Ivoire,PMO - US,From RDC,N/A - From RDC,Air,Pre-PQ Process,N/A - From RDC,6-Mar-08,19-Feb-08,19-Feb-08,ARV,Adult,SCMS from RDC,"Lamivudine/Zidovudine 150/300mg, tablets, 60 Tabs",Lamivudine/Zidovudine,Generic,150/300mg,Tablet - FDC,60,371,3524.5,9.5,0.16,"Aurobindo Unit III, India",Yes,4689,8321.29,5.64
82374,104-CI-T30,FPQ-6891,SO-38540,DN-2153,Côte d'Ivoire,PMO - US,From RDC,N/A - From RDC,Air,12/21/2010,N/A - From RDC,20-Apr-11,10-Jun-11,10-Jun-11,ARV,Adult,SCMS from RDC,"Tenofovir Disoproxil Fumarate 300mg, tablets, 30 Tabs",Tenofovir Disoproxil Fumarate,Generic,300mg,Tablet,30,859,5643.63,6.57,0.22,"Aurobindo Unit III, India",Yes,12232,60010.73,9.31
86409,104-CI-T30,FPQ-7659,SO-40122,DN-2339,Côte d'Ivoire,PMO - US,From RDC,N/A - From RDC,Air,5/3/2011,N/A - From RDC,12-Oct-11,12-Oct-11,12-Oct-11,ARV,Adult,SCMS from RDC,"Lamivudine/Zidovudine 150/300mg, tablets, 60 Tabs",Lamivudine/Zidovudine,Generic,150/300mg,Tablet - FDC,60,75420,622969.2,8.26,0.14,Mylan (formerly Matrix) Nashik,No,See DN-2339 (ID#:82401),See DN-2339 (ID#:82401),1027.9
420,108-VN-T01,Pre-PQ Process,SCMS-19490,ASN-1753,Vietnam,PMO - US,Direct Drop,EXW,Air,Pre-PQ Process,3/31/2008,3-Jun-08,3-Jun-08,3-Jun-08,ARV,Adult,MYLAN LABORATORIES LTD (FORMERLY MATRIX LABORATORIES),"Efavirenz 600mg, tablets, 30 Tabs",Efavirenz,Generic,600mg,Tablet,30,8400,96432.0,11.48,0.38,Mylan (formerly Matrix) Nashik,Yes,654,4051.34,154.29
82869,114-UG-T30,FPQ-4497,SO-34870,DN-1733,Uganda,PMO - US,From RDC,N/A - From RDC,Air,10/28/2009,N/A - From RDC,31-Mar-10,19-Mar-10,19-Mar-10,ARV,Adult,SCMS from RDC,"Efavirenz 600mg, tablets, 30 Tabs",Efavirenz,Generic,600mg,Tablet,30,1000,5130.0,5.13,0.17,"Aurobindo Unit III, India",Yes,95,3549.77,11.06
12738,105-GY-T01,Pre-PQ Process,SO-1233,DN-416,Guyana,PMO - US,From RDC,N/A - From RDC,Air,Pre-PQ Process,N/A - From RDC,7-Nov-07,7-Nov-07,7-Nov-07,ARV,Adult,SCMS from RDC,"Lopinavir/Ritonavir 200/50mg [Aluvia], tablets, 120 Tabs",Lopinavir/Ritonavir,Aluvia,200/50mg,Tablet,120,986,81049.2,82.2,0.68,ABBVIE Ludwigshafen Germany,No,See DN-416 (ID#:12125),See DN-416 (ID#:12125),129.68
86253,110-ZM-T30,FPQ-4272,SO-33680,DN-1603,Zambia,PMO - US,From RDC,N/A - From RDC,Air,9/18/2009,N/A - From RDC,17-Jan-10,11-Jan-10,11-Jan-10,ARV,Adult,SCMS from RDC,"Lamivudine/Stavudine 150/30mg, tablets, 60 Tabs",Lamivudine/Stavudine,Generic,150/30mg,Tablet - FDC,60,80000,304000.0,3.8,0.06,"Strides, Bangalore, India.",Yes,4162,9939.38,595.84
4,100-CI-T01,Pre-PQ Process,SCMS-20,ASN-14,Côte d'Ivoire,PMO - US,Direct Drop,FCA,Air,Pre-PQ Process,Date Not Captured,27-Aug-06,27-Aug-06,27-Aug-06,HRDT,HIV test,Abbott GmbH & Co. KG,"HIV 1/2, Determine Complete HIV Kit, 100 Tests","HIV 1/2, Determine Complete HIV Kit",Determine,,Test kit,100,500,40000.0,80.0,0.8,ABBVIE GmbH & Co.KG Wiesbaden,Yes,171,1653.78,
85427,109-TZ-T30,FPQ-12354,SO-45741,DN-3454,Tanzania,PMO - US,From RDC,N/A - From RDC,Truck,5/16/2013,N/A - From RDC,31-Jan-14,20-Jan-14,29-Jan-14,ARV,Adult,SCMS from RDC,"Efavirenz/Lamivudine/Tenofovir Disoproxil Fumarate 600/300/300mg, tablets, 30 Tabs",Efavirenz/Lamivudine/Tenofovir Disoproxil Fumarate,Generic,600/300/300mg,Tablet - FDC,30,5531,61670.65,11.15,0.37,Hetero Unit III Hyderabad IN,No,See DN-3454 (ID#:83194),See DN-3454 (ID#:83194),76.29
21276,161-ZA-T30,FPQ-6708,SCMS-93490,ASN-10251,South Africa,PMO - US,Direct Drop,DDP,Ocean,11/26/2010,12/14/2010,4-Apr-11,27-May-11,27-May-11,ARV,Pediatric,Aurobindo Pharma Limited,"Nevirapine 10mg/ml, oral suspension w/syringe, Bottle, 240 ml",Nevirapine,Generic,10mg/ml,Oral suspension,240,4529,9601.48,2.12,0.01,"Aurobindo Unit III, India",Yes,1679,3524.93,15.84
84455,102-ZW-T30,FPQ-15196,SO-50000,DN-4156,Zimbabwe,PMO - US,From RDC,N/A - From RDC,Truck,10/16/2014,N/A - From RDC,30-Apr-15,17-Mar-15,18-Mar-15,ARV,Adult,SCMS from RDC,"Efavirenz/Lamivudine/Tenofovir Disoproxil Fumarate 600/300/300mg, tablets, 30 Tabs",Efavirenz/Lamivudine/Tenofovir Disoproxil Fumarate,Generic,600/300/300mg,Tablet - FDC,30,94661,908745.6,9.6,0.32,Mylan (formerly Matrix) Nashik,No,See DN-4156 (ID#:83893),See DN-4156 (ID#:83893),1069.59
79521,161-ZA-T30,FPQ-7175,SCMS-103960,ASN-10871,South Africa,PMO - US,Direct Drop,DDP,Ocean,3/10/2011,3/28/2011,6-Sep-11,6-Sep-11,6-Sep-11,ARV,Adult,STRIDES ARCOLAB LIMITED,"Lamivudine 150mg, tablets, 60 Tabs",Lamivudine,Generic,150mg,Tablet,60,440000,1069200.0,2.43,0.04,"Strides, Bangalore, India.",Yes,19564,33865.26,1764.18
58508,108-VN-T30,FPQ-8428,SCMS-123530,ASN-14319,Vietnam,PMO - US,Direct Drop,EXW,Air,9/21/2011,10/3/2011,24-Apr-12,24-Apr-12,24-Apr-12,ARV,Adult,MYLAN LABORATORIES LTD (FORMERLY MATRIX LABORATORIES),"Tenofovir Disoproxil Fumarate 300mg, tablets, 30 Tabs",Tenofovir Disoproxil Fumarate,Generic,300mg,Tablet,30,16354,89947.0,5.5,0.18,Mylan (formerly Matrix) Nashik,No,See ASN-14319 (ID#:19512),See ASN-14319 (ID#:19512),148.41
42870,108-VN-T30,FPQ-13524,SCMS-226220,ASN-26923,Vietnam,PMO - US,Direct Drop,EXW,Air,2/6/2014,3/10/2014,29-Jul-14,29-Jul-14,6-Aug-14,ARV,Adult,HETERO LABS LIMITED,"Lamivudine 150mg, tablets, 60 Tabs",Lamivudine,Generic,150mg,Tablet,60,6400,11840.0,1.85,0.03,Hetero Unit III Hyderabad IN,No,See ASN-26923 (ID#:13027),See ASN-26923 (ID#:13027),12.17
82800,110-ZM-T30,FPQ-14784,SO-49570,DN-4251,Zambia,PMO - US,From RDC,N/A - From RDC,Truck,8/12/2014,N/A - From RDC,15-Jun-15,15-May-15,15-May-15,ARV,Adult,SCMS from RDC,"Lamivudine 150mg, tablets, 60 Tabs",Lamivudine,Generic,150mg,Tablet,60,68000,118320.0,1.74,0.03,Hetero Unit III Hyderabad IN,Yes,6221,9341.81,121.63
34505,101-CD-T30,FPQ-14100,SCMS-239410,ASN-26738,"Congo, DRC",PMO - US,Direct Drop,EXW,Air,4/23/2014,5/20/2014,5-Sep-14,5-Sep-14,16-Sep-14,HRDT,HIV test,"Trinity Biotech, Plc","HIV 1/2, Uni-Gold HIV Kit, 20 Tests","HIV 1/2, Uni-Gold HIV Kit",Uni-Gold,,Test kit,20,5,160.0,32.0,1.6,"Trinity Biotech, Plc",No,See ASN-26738 (ID#:15115),See ASN-26738 (ID#:15115),0.16
22268,101-CD-T30,FPQ-13555,SCMS-234290,ASN-26632,"Congo, DRC",PMO - US,Direct Drop,EXW,Air,3/19/2014,5/5/2014,22-Aug-14,22-Aug-14,22-Aug-14,ARV,Pediatric,CIPLA LIMITED,"Lamivudine/Zidovudine 30/60mg, tablets, 60 Tabs",Lamivudine/Zidovudine,Generic,30/60mg,Tablet - FDC,60,150,322.5,2.15,0.04,"Cipla, Goa, India",Yes,25,1765.03,0.33
86591,114-UG-T30,FPQ-12473,SO-45870,DN-3267,Uganda,PMO - US,From RDC,N/A - From RDC,Air,6/11/2013,N/A - From RDC,29-Aug-13,13-Sep-13,13-Sep-13,ARV,Adult,SCMS from RDC,"Efavirenz 600mg, tablets, 30 Tabs",Efavirenz,Generic,600mg,Tablet,30,7363,24518.79,3.33,0.11,"Strides, Bangalore, India.",No,See DN-3267 (ID#:83708),See DN-3267 (ID#:83708),30.33
79352,108-VN-T30,FPQ-8428,SCMS-123520,ASN-13475,Vietnam,PMO - US,Direct Drop,EXW,Air,9/21/2011,10/4/2011,1-Mar-12,1-Mar-12,1-Mar-12,ARV,Adult,Aurobindo Pharma Limited,"Lamivudine/Zidovudine 150/300mg, tablets, 60 Tabs",Lamivudine/Zidovudine,Generic,150/300mg,Tablet - FDC,60,14789,117572.55,7.95,0.13,"Aurobindo Unit III, India",No,See ASN-13475 (ID#:15772),See ASN-13475 (ID#:15772),193.99
10666,110-ZM-T01,Pre-PQ Process,SO-1034,DN-554,Zambia,PMO - US,From RDC,N/A - From RDC,,Pre-PQ Process,N/A - From RDC,12-Feb-08,12-Feb-08,12-Feb-08,ARV,Adult,SCMS from RDC,"Efavirenz 600mg, tablets, 30 Tabs",Efavirenz,Generic,600mg,Tablet,30,44135,548156.7,12.42,0.41,Mylan (formerly Matrix) Nashik,Yes,3462,12569.92,877.05
18673,108-VN-T30,FPQ-15087,SCMS-261420,ASN-30164,Vietnam,PMO - US,Direct Drop,EXW,Air,10/24/2014,10/30/2014,19-Mar-15,19-Mar-15,19-Mar-15,ARV,Adult,MYLAN LABORATORIES LTD (FORMERLY MATRIX LABORATORIES),"Lamivudine/Nevirapine/Zidovudine 150/200/300mg, tablets, 60 Tabs",Lamivudine/Nevirapine/Zidovudine,Generic,150/300/200mg,Tablet - FDC,60,9000,72900.0,8.1,0.13,Mylan (formerly Matrix) Nashik,Yes,Weight Captured Separately,Invoiced Separately,85.8
83969,110-ZM-T30,FPQ-4035,SO-34760,DN-1573,Zambia,PMO - US,From RDC,N/A - From RDC,Truck,8/5/2009,N/A - From RDC,15-Jan-10,3-Dec-09,3-Dec-09,ARV,Adult,SCMS from RDC,"Nevirapine 200mg, tablets, 60 Tabs",Nevirapine,Generic,200mg,Tablet,60,29683,86080.7,2.9,0.05,"Cipla, Goa, India",Yes,3254,8104.79,168.72
84155,102-BI-T30,FPQ-9229,SO-41540,DN-2595,Burundi,PMO - US,From RDC,N/A - From RDC,Air,1/25/2012,N/A - From RDC,26-Apr-12,9-Apr-12,9-Apr-12,ARV,Adult,SCMS from RDC,"Emtricitabine/Tenofovir Disoproxil Fumarate 200/300mg, tablets, 30 Tabs",Emtricitabine/Tenofovir Disoproxil Fumarate,Generic,200/300mg,Tablet - FDC,30,5150,45062.5,8.75,0.29,Mylan (formerly Matrix) Nashik,No,See DN-2595 (ID#:83577),See DN-2595 (ID#:83577),63.18
25886,108-VN-T30,FPQ-3896,SCMS-48270,ASN-5131,Vietnam,PMO - US,Direct Drop,EXW,Air,6/25/2009,6/26/2009,26-Oct-09,26-Oct-09,26-Oct-09,ARV,Adult,Aurobindo Pharma Limited,"Lamivudine/Nevirapine/Zidovudine 150/200/300mg, tablets, 60 Tabs",Lamivudine/Nevirapine/Zidovudine,Generic,150/300/200mg,Tablet - FDC,60,8500,94775.0,11.15,0.19,"Aurobindo Unit III, India",Yes,3099,5018.69,185.76
84758,114-UG-T30,FPQ-10503,SO-43090,DN-2873,Uganda,PMO - US,From RDC,N/A - From RDC,Air,8/15/2012,N/A - From RDC,25-Oct-12,22-Oct-12,22-Oct-12,ARV,Adult,SCMS from RDC,"Lamivudine/Zidovudine 150/300mg, tablets, 60 Tabs",Lamivudine/Zidovudine,Generic,150/300mg,Tablet - FDC,60,7126,55012.72,7.72,0.13,Mylan (formerly Matrix) Nashik,No,See DN-2873 (ID#:82515),See DN-2873 (ID#:82515),77.13
74398,161-ZA-T30,FPQ-7175,SCMS-103390,ASN-11889,South Africa,PMO - US,Direct Drop,DDP,Ocean,3/10/2011,3/24/2011,10-Oct-11,10-Oct-11,10-Oct-11,ARV,Adult,Aurobindo Pharma Limited,"Efavirenz 600mg, tablets, 30 Tabs",Efavirenz,Generic,600mg,Tablet,30,78595,354463.45,4.51,0.15,"Aurobindo Unit III, India",Yes,6681,9323.27,584.86
11725,110-ZM-T01,Pre-PQ Process,SO-615,DN-201,Zambia,PMO - US,From RDC,N/A - From RDC,Air,Pre-PQ Process,N/A - From RDC,26-Jun-07,26-Jun-07,26-Jun-07,ARV,Pediatric,SCMS from RDC,"Efavirenz 200mg, capsule, 90 Caps",Efavirenz,Generic,200mg,Capsule,90,3436,58240.2,16.95,0.19,"Aurobindo Unit III, India",Yes,395,1848.37,93.18
12280,106-HT-T01,Pre-PQ Process,SO-24840,DN-1221,Haiti,PMO - US,From RDC,N/A - From RDC,Air,Pre-PQ Process,N/A - From RDC,22-May-09,22-May-09,22-May-09,ARV,Adult,SCMS from RDC,"Efavirenz 600mg, tablets, 30 Tabs",Efavirenz,Generic,600mg,Tablet,30,10065,97831.8,9.72,0.32,"Aurobindo Unit III, India",No,See DN-1221 (ID#:11636),See DN-1221 (ID#:11636),191.75
22722,102-SD-T30,FPQ-7321,SCMS-107780,ASN-11002,Sudan,PMO - US,Direct Drop,EXW,Air,3/29/2011,5/2/2011,1-Jul-11,1-Jul-11,1-Jul-11,HRDT,HIV test,"Trinity Biotech, Plc","HIV 1/2, Uni-Gold HIV Kit, 20 Tests","HIV 1/2, Uni-Gold HIV Kit",Uni-Gold,,Test kit,20,207,6624.0,32.0,1.6,"Trinity Biotech, Plc",Yes,71,1626.67,10.93
86703,107-RW-T30,FPQ-14111,SO-48800,DN-3788,Rwanda,PMO - US,From RDC,N/A - From RDC,Truck,4/22/2014,N/A - From RDC,30-Oct-14,13-Aug-14,14-Aug-14,ARV,Adult,SCMS from RDC,"Lamivudine/Nevirapine/Zidovudine 150/200/300mg, tablets, 60 Tabs",Lamivudine/Nevirapine/Zidovudine,Generic,150/300/200mg,Tablet - FDC,60,86008,697524.88,8.11,0.14,Hetero Unit III Hyderabad IN,Yes,11117,15617.93,717.06
10706,106-HT-T01,Pre-PQ Process,SO-2055,DN-690,Haiti,PMO - US,From RDC,N/A - From RDC,Air,Pre-PQ Process,N/A - From RDC,14-Apr-08,14-Apr-08,14-Apr-08,ARV,Adult,SCMS from RDC,"Lopinavir/Ritonavir 200/50mg [Aluvia], tablets, 120 Tabs",Lopinavir/Ritonavir,Aluvia,200/50mg,Tablet,120,389,15987.9,41.1,0.34,ABBVIE Ludwigshafen Germany,Yes,4639,47525.69,25.58
30561,133-NG-T30,FPQ-12812,SCMS-210350,ASN-22882,Nigeria,PMO - US,Direct Drop,EXW,Air,8/13/2013,11/1/2013,23-Dec-13,16-Dec-13,16-Dec-13,HRDT,HIV test,"Orgenics, Ltd","HIV 1/2, Determine Complete HIV Kit, 100 Tests","HIV 1/2, Determine Complete HIV Kit",Determine,,Test kit,100,9347,831883.0,89.0,0.89,"Alere Medical Co., Ltd.",Yes,3090,60185.33,1029.04
30494,110-ZM-T30,FPQ-14827,SCMS-256510,ASN-29094,Zambia,PMO - US,Direct Drop,EXW,Air,8/19/2014,9/19/2014,11-Mar-15,26-Mar-15,1-Apr-15,HRDT,HIV test,"Orgenics, Ltd","HIV 1/2, Determine Complete HIV Kit, 100 Tests","HIV 1/2, Determine Complete HIV Kit",Determine,,Test kit,100,6314,505120.0,80.0,0.8,"Alere Medical Co., Ltd.",Yes,2561,35696.95,519.26
85499,102-BI-T30,FPQ-14112,SO-48600,DN-3797,Burundi,PMO - US,From RDC,N/A - From RDC,Air,4/18/2014,N/A - From RDC,30-Aug-14,5-Sep-14,18-Sep-14,ARV,Adult,SCMS from RDC,"Lopinavir/Ritonavir 200/50mg, tablets, 120 Tabs",Lopinavir/Ritonavir,Generic,200/50mg,Tablet,120,200,4008.0,20.04,0.17,Mylan (formerly Matrix) Nashik,Yes,53,1621.53,4.12
40351,122-HT-T30,FPQ-8635,SCMS-132180,ASN-13412,Haiti,PMO - US,Direct Drop,EXW,Air,12/7/2011,12/30/2011,18-Jan-12,18-Jan-12,18-Jan-12,ANTM,Malaria,AMSTELFARMA B.V.,"Sulfadoxine/Pyrimethamine 500/25mg, tablets, 1000 Tabs",Sulfadoxine/Pyrimethamine,Generic,500/25mg,Tablet - FDC,1000,10,316.5,31.65,0.03,"Micro Labs, Hosur, India",No,See ASN-13412 (ID#:16085),See ASN-13412 (ID#:16085),0.44
86209,110-ZM-T30,FPQ-14784,SO-49600,DN-4316,Zambia,PMO - US,From RDC,N/A - From RDC,Truck,8/12/2014,N/A - From RDC,31-Aug-15,25-Aug-15,3-Sep-15,ARV,Adult,SCMS from RDC,"Lamivudine/Zidovudine 150/300mg, tablets, 60 Tabs",Lamivudine/Zidovudine,Generic,150/300mg,Tablet - FDC,60,55000,358600.0,6.52,0.11,Hetero Unit III Hyderabad IN,No,Weight Captured Separately,Freight Included in Commodity Cost,368.64
40580,800-CM-T30,FPQ-12571,SCMS-198570,ASN-21309,Cameroon,PMO - US,Direct Drop,EXW,Air,7/2/2013,7/22/2013,27-Aug-13,27-Aug-13,27-Aug-13,HRDT,HIV test,"Orgenics, Ltd","HIV 1/2, Determine Complete HIV Kit, 100 Tests","HIV 1/2, Determine Complete HIV Kit",Determine,,Test kit,100,5000,400000.0,80.0,0.8,"Alere Medical Co., Ltd.",Yes,2268,37942.89,494.8
12260,123-NG-T01,Pre-PQ Process,SO-19070,DN-1080,Nigeria,PMO - US,From RDC,N/A - From RDC,Air,Pre-PQ Process,N/A - From RDC,16-Feb-09,16-Feb-09,16-Feb-09,ARV,Adult,SCMS from RDC,"Efavirenz 600mg, tablets, 30 Tabs",Efavirenz,Generic,600mg,Tablet,30,13473,148203.0,11.0,0.37,"Aurobindo Unit III, India",Yes,1146,3680.33,290.48
22726,153-NA-T30,FPQ-8072,SCMS-117210,ASN-12115,Namibia,PMO - US,Direct Drop,EXW,Air,7/22/2011,8/3/2011,20-Sep-11,20-Sep-11,20-Sep-11,HRDT,HIV test,"Orgenics, Ltd","HIV 1/2, Determine HIV Kit, without Lancets, 100 Tests","HIV 1/2, Determine HIV Kit, without Lancets",Determine,,Test kit,100,150,11655.0,77.7,0.78,Inverness Japan,Yes,36,859.18,19.23
11868,110-ZM-T01,Pre-PQ Process,SO-2488,DN-767,Zambia,PMO - US,From RDC,N/A - From RDC,Truck,Pre-PQ Process,N/A - From RDC,17-Jun-08,17-Jun-08,17-Jun-08,ARV,Adult,SCMS from RDC,"Nevirapine 200mg, tablets, 60 Tabs",Nevirapine,Generic,200mg,Tablet,60,55560,188904.0,3.4,0.06,Hetero Unit III Hyderabad IN,Yes,3224,4217.45,302.25
14323,105-DO-T30,FPQ-7858,SCMS-117380,ASN-12145,Dominican Republic,PMO - US,Direct Drop,EXW,Air,6/21/2011,8/3/2011,27-Sep-11,27-Sep-11,27-Sep-11,HRDT,HIV test,"Standard Diagnostics, Inc.","HIV 1/2, Bioline 3.0 Kit, 100 Tests","HIV 1/2, Bioline 3.0 Kit",Bioline,,Test kit,100,112,8400.0,75.0,0.75,"Standard Diagnostics, Korea",No,See ASN-12145 (ID#:13696),See ASN-12145 (ID#:13696),13.86
62390,116-ZA-T30,FPQ-11828,SCMS-183950,ASN-19166,South Africa,South Africa Field Office,Direct Drop,DDP,Truck,3/18/2013,Date Not Captured,16-Apr-13,16-Apr-13,16-Apr-13,ARV,Adult,S. BUYS WHOLESALER,"Lamivudine 150mg [Epivir], tablets, 60 Tabs",Lamivudine,Epivir,150mg,Tablet,60,869,5923.93,6.82,0.11,GSK Ware (UK),No,Weight Captured Separately,Freight Included in Commodity Cost,7.33
64493,102-KE-T30,FPQ-6114,SCMS-80820,ASN-8588,Kenya,PMO - US,Direct Drop,EXW,Air,7/23/2010,8/27/2010,12-Nov-10,12-Nov-10,12-Nov-10,HRDT,HIV test,"Orgenics, Ltd","HIV 1/2, Determine Complete HIV Kit, 100 Tests","HIV 1/2, Determine Complete HIV Kit",Determine,,Test kit,100,7243,644627.0,89.0,0.89,Inverness Japan,Yes,1247,13765.81,1389.82
12663,109-TZ-T01,Pre-PQ Process,SO-758,DN-234,Tanzania,PMO - US,From RDC,N/A - From RDC,Air,Pre-PQ Process,N/A - From RDC,13-Jul-07,13-Jul-07,13-Jul-07,HRDT,HIV test,SCMS from RDC,"HIV 1/2, Capillus HIV Kit, 100 Tests","HIV 1/2, Capillus HIV Kit",Capillus,,Test kit,100,2000,278000.0,139.0,1.39,"Trinity Biotech, Plc",Yes,1415,4458,444.8
10878,117-ET-T01,Pre-PQ Process,SO-914,DN-332,Ethiopia,PMO - US,From RDC,N/A - From RDC,,Pre-PQ Process,N/A - From RDC,4-Sep-07,4-Sep-07,4-Sep-07,ARV,Pediatric,SCMS from RDC,"Zidovudine 10mg/ml, oral solution, Bottle, 240 ml",Zidovudine,Generic,10mg/ml,Oral solution,240,13850,29777.5,2.15,0.01,"Aurobindo Unit III, India",No,See DN-332 (ID#:10613),See DN-332 (ID#:10613),47.64
85330,111-MZ-T30,FPQ-11033,SO-43760,DN-3012,Mozambique,PMO - US,From RDC,N/A - From RDC,Truck,11/12/2012,N/A - From RDC,1-Apr-13,22-Mar-13,22-Mar-13,ARV,Adult,SCMS from RDC,"Lamivudine 150mg, tablets, 60 Tabs",Lamivudine,Generic,150mg,Tablet,60,1458,2901.42,1.99,0.03,Hetero Unit III Hyderabad IN,No,See DN-3012 (ID#:83107),See DN-3012 (ID#:83107),3.59
67153,114-UG-T30,FPQ-12477,SCMS-198720,ASN-21627,Uganda,PMO - US,Direct Drop,EXW,Ocean,7/8/2013,7/31/2013,6-Nov-13,6-Nov-13,13-Nov-13,ARV,Adult,MYLAN LABORATORIES LTD (FORMERLY MATRIX LABORATORIES),"Lamivudine/Nevirapine/Zidovudine 150/200/300mg, tablets, 60 Tabs",Lamivudine/Nevirapine/Zidovudine,Generic,150/300/200mg,Tablet - FDC,60,165374,1339529.4,8.1,0.13,Mylan (formerly Matrix) Nashik,No,See ASN-21627 (ID#:48945),See ASN-21627 (ID#:48945),1657.0
85259,102-LY-T30,FPQ-9665,SO-41900,DN-2641,Libya,PMO - US,From RDC,N/A - From RDC,Air,4/4/2012,N/A - From RDC,23-May-12,23-May-12,23-May-12,ARV,Adult,SCMS from RDC,"Tenofovir Disoproxil Fumarate 300mg, tablets, 30 Tabs",Tenofovir Disoproxil Fumarate,Generic,300mg,Tablet,30,368,2024.0,5.5,0.18,Mylan (formerly Matrix) Nashik,No,See DN-2641 (ID#:83029),See DN-2641 (ID#:83029),2.84
76180,110-ZM-T30,FPQ-10107,SCMS-153800,ASN-16720,Zambia,PMO - US,Direct Drop,EXW,Air,6/19/2012,7/31/2012,19-Oct-12,19-Oct-12,19-Oct-12,HRDT,HIV test,"Orgenics, Ltd","HIV 1/2, Determine Complete HIV Kit, 100 Tests","HIV 1/2, Determine Complete HIV Kit",Determine,,Test kit,100,4004,320320.0,80.0,0.8,"Alere Medical Co., Ltd.",Yes,1907,34940.02,449.09
85764,106-HT-T30,FPQ-6484,SO-39680,DN-2233,Haiti,PMO - US,From RDC,N/A - From RDC,Air,10/13/2010,N/A - From RDC,16-May-11,20-Jun-11,20-Jun-11,ARV,Pediatric,SCMS from RDC,"Nevirapine 10mg/ml, oral suspension w/syringe, Bottle, 240 ml",Nevirapine,Generic,10mg/ml,Oral suspension,240,4000,7800.0,1.95,0.01,"Aurobindo Unit III, India",Yes,1496,14897.04,16.82
41222,102-KE-T30,FPQ-8446,SCMS-124900,ASN-13150,Kenya,PMO - US,Direct Drop,EXW,Air,10/5/2011,10/26/2011,17-Jan-12,17-Jan-12,17-Jan-12,HRDT,HIV test,"Orgenics, Ltd","HIV 1/2, Determine Complete HIV Kit, 100 Tests","HIV 1/2, Determine Complete HIV Kit",Determine,,Test kit,100,6100,542900.0,89.0,0.89,"Alere Medical Co., Ltd.",Yes,3497,40917.19,895.78
50314,161-ZA-T30,FPQ-6708,SCMS-93630,ASN-9855,South Africa,PMO - US,Direct Drop,DDP,Ocean,11/26/2010,12/6/2010,4-Apr-11,4-Apr-11,4-Apr-11,ARV,Adult,CIPLA LIMITED,"Tenofovir Disoproxil Fumarate 300mg, tablets, 30 Tabs",Tenofovir Disoproxil Fumarate,Generic,300mg,Tablet,30,82500,565950.0,6.86,0.23,"Cipla, Goa, India",Yes,5624,7378.63,933.82
30519,133-NG-T30,FPQ-10765,SCMS-162430,ASN-17824,Nigeria,PMO - US,Direct Drop,EXW,Air,10/5/2012,10/16/2012,1-Feb-13,1-Feb-13,1-Feb-13,HRDT,HIV test,"Trinity Biotech, Plc","HIV 1/2, Uni-Gold HIV Kit, 20 Tests","HIV 1/2, Uni-Gold HIV Kit",Uni-Gold,,Test kit,20,24510,784320.0,32.0,1.6,"Trinity Biotech, Plc",Yes,8273,94267.77,1099.62
49169,107-RW-T30,FPQ-8742,SCMS-137520,ASN-14659,Rwanda,PMO - US,Direct Drop,CIP,Air,12/7/2011,4/3/2012,26-Apr-12,26-Apr-12,26-Apr-12,ARV,Adult,MYLAN LABORATORIES LTD (FORMERLY MATRIX LABORATORIES),"Efavirenz/Lamivudine/Tenofovir Disoproxil Fumarate 600/300/300mg, tablets, 30 Tabs",Efavirenz/Lamivudine/Tenofovir Disoproxil Fumarate,Generic,600/300/300mg,Tablet - FDC,30,4560,62335.2,13.67,0.46,Mylan (formerly Matrix) Nashik,Yes,561,5610.17,87.39
49254,116-ZA-T30,FPQ-11828,SCMS-183950,ASN-19166,South Africa,South Africa Field Office,Direct Drop,DDP,Truck,3/18/2013,Date Not Captured,16-Apr-13,16-Apr-13,16-Apr-13,ARV,Adult,S. BUYS WHOLESALER,"Nevirapine 200mg, tablets, 60 Tabs",Nevirapine,Generic,200mg,Tablet,60,265,4896.7,18.48,0.31,"Cipla, Goa, India",No,Weight Captured Separately,Freight Included in Commodity Cost,6.06
35067,133-NG-T30,FPQ-10765,SCMS-162440,ASN-17527,Nigeria,PMO - US,Direct Drop,EXW,Air,10/5/2012,10/16/2012,9-Jan-13,9-Jan-13,9-Jan-13,HRDT,HIV test,"Orgenics, Ltd","HIV 1/2, Determine Complete HIV Kit, 100 Tests","HIV 1/2, Determine Complete HIV Kit",Determine,,Test kit,100,2744,244216.0,89.0,0.89,"Alere Medical Co., Ltd.",Yes,1186,24927.19,342.39
83908,111-MZ-T30,FPQ-15195,SO-50122,DN-4248,Mozambique,PMO - US,From RDC,N/A - From RDC,Truck,10/17/2014,N/A - From RDC,30-Jun-15,15-Jun-15,15-Jun-15,ARV,Adult,SCMS from RDC,"Lamivudine/Tenofovir Disoproxil Fumarate 300/300mg, tablets, 30 Tabs",Lamivudine/Tenofovir Disoproxil Fumarate,Generic,300/300mg,Tablet - FDC,30,56994,263312.28,4.62,0.15,"Hetero, Jadcherla, unit 5, IN",Yes,5358,5894.11,309.92
12646,111-MZ-T01,Pre-PQ Process,SO-260,DN-68,Mozambique,PMO - US,From RDC,N/A - From RDC,Air,Pre-PQ Process,N/A - From RDC,4-May-07,4-May-07,4-May-07,ARV,Adult,SCMS from RDC,"Nelfinavir (as mesilate) 250mg [Viracept], tablets, 270 Tabs",Nelfinavir (as mesilate),Viracept,250mg,Tablet,270,2579,205288.4,79.6,0.29,Roche Madrid,Yes,663,1824.11,
12391,104-CI-T01,Pre-PQ Process,SO-844,DN-315,Côte d'Ivoire,PMO - US,From RDC,N/A - From RDC,,Pre-PQ Process,N/A - From RDC,24-Aug-07,24-Aug-07,24-Aug-07,ARV,Adult,SCMS from RDC,"Lamivudine/Stavudine 150/30mg, tablets, 30 Tabs",Lamivudine/Stavudine,Generic,150/30mg,Tablet - FDC,30,55032,110064.0,2.0,0.07,"Cipla, Goa, India",Yes,3673,12438,176.1
4369,108-VN-T01,Pre-PQ Process,SCMS-20400,ASN-2205,Vietnam,PMO - US,Direct Drop,EXW,Air,Pre-PQ Process,3/31/2008,19-Sep-08,19-Sep-08,19-Sep-08,ARV,Adult,CIPLA LIMITED,"Lamivudine/Nevirapine/Stavudine 150/200/30mg, tablets, 60 Tabs",Lamivudine/Nevirapine/Stavudine,Generic,150/200/30mg,Tablet - FDC,60,9600,71040.0,7.4,0.12,"Cipla, Goa, India",Yes,920,7265.05,113.66
12378,110-ZM-T01,Pre-PQ Process,SO-314,DN-270,Zambia,PMO - US,From RDC,N/A - From RDC,,Pre-PQ Process,N/A - From RDC,7-Aug-07,7-Aug-07,7-Aug-07,ARV,Adult,SCMS from RDC,"Efavirenz 600mg, tablets, 30 Tabs",Efavirenz,Generic,600mg,Tablet,30,48348,786138.48,16.26,0.54,"Aurobindo Unit III, India",No,See DN-270 (ID#:10843),See DN-270 (ID#:10843),1257.82
85997,109-TZ-T30,FPQ-12015,SO-45000,DN-3314,Tanzania,PMO - US,From RDC,N/A - From RDC,Truck,4/2/2013,N/A - From RDC,31-Oct-13,8-Oct-13,23-Oct-13,ARV,Adult,SCMS from RDC,"Lopinavir/Ritonavir 200/50mg [Aluvia], tablets, 120 Tabs",Lopinavir/Ritonavir,Aluvia,200/50mg,Tablet,120,17167,347116.74,20.22,0.17,ABBVIE Ludwigshafen Germany,Yes,3547,6052.1,429.38
85142,102-UG-T30,FPQ-6202,SO-37250,DN-1997,Uganda,PMO - US,From RDC,N/A - From RDC,Air,8/6/2010,N/A - From RDC,29-Oct-10,27-Sep-10,27-Sep-10,ARV,Adult,SCMS from RDC,"Lamivudine/Zidovudine 150/300mg, tablets, 60 Tabs",Lamivudine/Zidovudine,Generic,150/300mg,Tablet - FDC,60,4399,37611.45,8.55,0.14,Mylan (formerly Matrix) Nashik,No,See DN-1997 (ID#:82914),See DN-1997 (ID#:82914),81.09
12475,106-HT-T01,Pre-PQ Process,SO-2071,DN-693,Haiti,PMO - US,From RDC,N/A - From RDC,Air,Pre-PQ Process,N/A - From RDC,11-Apr-08,11-Apr-08,11-Apr-08,ARV,Pediatric,SCMS from RDC,"Efavirenz 30mg/ml [Stocrin/Sustiva], oral solution, Bottle, 180 ml",Efavirenz,Stocrin/Sustiva,30mg/ml,Oral solution,180,70,1187.2,16.96,0.09,"MSD, Haarlem, NL",Yes,30,933.09,1.9
84906,105-GY-T30,FPQ-13071,SO-46800,DN-3585,Guyana,PMO - US,From RDC,N/A - From RDC,Air,10/9/2013,N/A - From RDC,31-Mar-14,3-Apr-14,6-Jun-14,ARV,Pediatric,SCMS from RDC,"Efavirenz 200mg, scored tablets, 90 Tabs",Efavirenz,Generic,200mg,Tablet,90,48,446.4,9.3,0.1,"Strides, Bangalore, India.",No,See DN-3585 (ID#:83223),See DN-3585 (ID#:83223),0.46
11740,109-TZ-T01,Pre-PQ Process,SO-757,DN-237,Tanzania,PMO - US,From RDC,N/A - From RDC,,Pre-PQ Process,N/A - From RDC,19-Jul-07,19-Jul-07,19-Jul-07,HRDT,HIV test,SCMS from RDC,"HIV 1/2, Capillus HIV Kit, 100 Tests","HIV 1/2, Capillus HIV Kit",Capillus,,Test kit,100,300,41700.0,139.0,1.39,"Trinity Biotech, Plc",Yes,176,2102,66.72
55072,133-NG-T30,FPQ-12456,SCMS-196561,ASN-22348,Nigeria,PMO - US,Direct Drop,EXW,Air,6/10/2013,7/10/2013,7-Nov-13,7-Nov-13,17-Nov-13,HRDT,HIV test,"Orgenics, Ltd","HIV 1/2, Determine Complete HIV Kit, 100 Tests","HIV 1/2, Determine Complete HIV Kit",Determine,,Test kit,100,3053,271717.0,89.0,0.89,"Alere Medical Co., Ltd.",Yes,1240,20705.23,336.11
6608,104-CI-T01,Pre-PQ Process,SCMS-108,ASN-70,Côte d'Ivoire,PMO - US,Direct Drop,FCA,Air,Pre-PQ Process,Date Not Captured,27-Oct-06,27-Oct-06,27-Oct-06,HRDT,HIV test,Abbott GmbH & Co. KG,"HIV 1/2, Determine Complete HIV Kit, 100 Tests","HIV 1/2, Determine Complete HIV Kit",Determine,,Test kit,100,600,48000.0,80.0,0.8,ABBVIE GmbH & Co.KG Wiesbaden,Yes,205503,4110.88,
83217,107-RW-T30,FPQ-12766,SO-46480,DN-3579,Rwanda,PMO - US,From RDC,N/A - From RDC,Truck,8/2/2013,N/A - From RDC,28-Mar-14,2-Apr-14,14-Apr-14,ARV,Adult,SCMS from RDC,"Efavirenz/Lamivudine/Tenofovir Disoproxil Fumarate 600/300/300mg, tablets, 30 Tabs",Efavirenz/Lamivudine/Tenofovir Disoproxil Fumarate,Generic,600/300/300mg,Tablet - FDC,30,50000,543500.0,10.87,0.36,"Aurobindo Unit VII, IN",Yes,22442,12995.06,672.31
42187,161-ZA-T30,FPQ-5303,SCMS-68950,ASN-7079,South Africa,PMO - US,Direct Drop,DDP,Air,3/18/2010,3/19/2010,9-Jun-10,11-Jun-10,11-Jun-10,ARV,Adult,Aurobindo Pharma Limited,"Nevirapine 200mg, tablets, 60 Tabs",Nevirapine,Generic,200mg,Tablet,60,40751,118992.92,2.92,0.05,"Aurobindo Unit III, India",Yes,4806,6369.79,256.55
59847,116-ZA-T30,FPQ-13973,SCMS-238554,ASN-28626,South Africa,PMO - US,Direct Drop,DDP,Truck,4/30/2014,10/3/2014,3-Oct-14,3-Oct-14,3-Oct-14,ARV,Pediatric,PHARMACY DIRECT,"Atazanavir 150mg [Reyataz], capsules, 60 Caps",Atazanavir,Reyataz,150mg,Capsule,60,6,132.02,22.0,0.37,"BMS Evansville, US",No,Weight Captured Separately,Freight Included in Commodity Cost,0.14
63894,104-CI-T30,FPQ-13602,SCMS-228010,ASN-26833,Côte d'Ivoire,PMO - US,Direct Drop,EXW,Air,1/22/2014,2/26/2014,8-Jul-14,8-Jul-14,10-Jul-14,HRDT,HIV test,"Standard Diagnostics, Inc.","HIV 1/2, Bioline 3.0 Kit, Lancets, Capillary pipets, Alcohol swabs included, 25 Tests","HIV 1/2, Bioline 3.0 Kit, Lancets, Capillary pipets, Alcohol swabs included",Bioline,,Test kit,25,400,8200.0,20.5,0.82,"Standard Diagnostics, Korea",Yes,125,2033.62,8.43
18354,106-HT-T30,FPQ-13797,SCMS-233950,ASN-26826,Haiti,PMO - US,Direct Drop,EXW,Ocean,3/20/2014,4/29/2014,20-Oct-14,20-Oct-14,24-Oct-14,ARV,Pediatric,Aurobindo Pharma Limited,"Nevirapine 10mg/ml, oral suspension w/syringe, Bottle, 240 ml",Nevirapine,Generic,10mg/ml,Oral suspension,240,1295,1955.45,1.51,0.01,"Aurobindo Unit III, India",Yes,536,1893.24,2.01
43812,107-RW-T30,FPQ-3859,SCMS-48930,ASN-6667,Rwanda,PMO - US,Direct Drop,CIP,Air,6/30/2009,7/17/2009,13-Apr-10,13-Apr-10,13-Apr-10,ARV,Adult,Aurobindo Pharma Limited,"Abacavir 300mg, tablets, 60 Tabs",Abacavir,Generic,300mg,Tablet,60,10620,205284.6,19.33,0.32,"Aurobindo Unit III, India",Yes,1050,18475.61,402.36
22670,133-NG-T30,FPQ-14305,SCMS-240830,ASN-27474,Nigeria,PMO - US,Direct Drop,EXW,Air,5/16/2014,6/2/2014,19-Aug-14,5-Sep-14,17-Sep-14,HRDT,HIV test,"Orgenics, Ltd","HIV 1/2, Determine Complete HIV Kit, 100 Tests","HIV 1/2, Determine Complete HIV Kit",Determine,,Test kit,100,4177,371753.0,89.0,0.89,"Alere Medical Co., Ltd.",Yes,2755,25709.5,382.16
11719,111-MZ-T01,Pre-PQ Process,SO-293,DN-44,Mozambique,PMO - US,From RDC,N/A - From RDC,Air,Pre-PQ Process,N/A - From RDC,17-Apr-07,17-Apr-07,17-Apr-07,ARV,Adult,SCMS from RDC,"Lamivudine/Nevirapine/Zidovudine 150/200/300mg, tablets, 60 Tabs",Lamivudine/Nevirapine/Zidovudine,Generic,150/300/200mg,Tablet - FDC,60,30000,525000.0,17.5,0.29,"Aurobindo Unit III, India",No,See DN-44 (ID#:10549),See DN-44 (ID#:10549),
11219,106-HT-T01,Pre-PQ Process,SO-1287,DN-614,Haiti,PMO - US,From RDC,N/A - From RDC,Air,Pre-PQ Process,N/A - From RDC,4-Mar-08,21-Feb-08,21-Feb-08,ARV,Pediatric,SCMS from RDC,"Zidovudine 10mg/ml, oral solution, Bottle, 240 ml",Zidovudine,Generic,10mg/ml,Oral solution,240,3000,6450.0,2.15,0.01,"Aurobindo Unit III, India",Yes,2584,26877.3,10.32
12167,102-GY-T01,Pre-PQ Process,SO-1005,DN-618,Guyana,PMO - US,From RDC,N/A - From RDC,,Pre-PQ Process,N/A - From RDC,21-Feb-08,21-Feb-08,21-Feb-08,HRDT,HIV test,SCMS from RDC,"HIV 1/2, Stat-Pak HIV, Kit, 20 Tests","HIV 1/2, Stat-Pak HIV, Kit",Stat-Pak,,Test kit,20,45,1215.0,27.0,1.35,Chembio Diagnostics Sys. Inc.,Yes,13,798.58,1.94
12619,104-CI-T01,Pre-PQ Process,SO-34060,DN-1518,Côte d'Ivoire,PMO - US,From RDC,N/A - From RDC,Air,Date Not Captured,N/A - From RDC,16-Nov-09,16-Nov-09,16-Nov-09,ARV,Adult,SCMS from RDC,"Emtricitabine/Tenofovir Disoproxil Fumarate 200/300mg [Truvada], tablets, 30 Tabs",Emtricitabine/Tenofovir Disoproxil Fumarate,Truvada,300/200mg,Tablet - FDC,30,576,15120.0,26.25,0.88,"Aspen-OSD, Port Elizabeth, SA",Yes,Weight Captured Separately,Invoiced Separately,32.6
86329,151-NG-T30,FPQ-5023,SO-36464,DN-1994,Nigeria,PMO - US,From RDC,N/A - From RDC,Air Charter,2/10/2010,N/A - From RDC,12-Aug-10,17-Aug-10,17-Aug-10,ARV,Adult,SCMS from RDC,"Nevirapine 200mg, tablets, 60 Tabs",Nevirapine,Generic,200mg,Tablet,60,1400,3822.0,2.73,0.05,"Strides, Bangalore, India.",No,See DN-1994 (ID#:85140),See DN-1994 (ID#:85140),8.24
86740,101-CD-T30,FPQ-14576,SO-49290,DN-3975,"Congo, DRC",PMO - US,From RDC,N/A - From RDC,Air,7/14/2014,N/A - From RDC,30-Jan-15,18-Feb-15,23-Feb-15,ARV,Adult,SCMS from RDC,"Lamivudine/Nevirapine/Zidovudine 150/200/300mg, tablets, 60 Tabs",Lamivudine/Nevirapine/Zidovudine,Generic,150/300/200mg,Tablet - FDC,60,3460,28060.6,8.11,0.14,Mylan (formerly Matrix) Nashik,No,See DN-3975 (ID#:82748),See DN-3975 (ID#:82748),28.85
34351,113-ZW-T30,FPQ-4476,SCMS-56180,ASN-5618,Zimbabwe,PMO - US,Direct Drop,EXW,Air,10/27/2009,10/29/2009,8-Jan-10,8-Jan-10,8-Jan-10,HRDT,HIV test,"Orgenics, Ltd","HIV 1/2, Determine Complete HIV Kit, 100 Tests","HIV 1/2, Determine Complete HIV Kit",Determine,,Test kit,100,1270,91440.0,72.0,0.72,Inverness Japan,Yes,635,11835.69,197.14
85269,104-CI-T30,FPQ-9261,SO-41471,DN-2698,Côte d'Ivoire,PMO - US,From RDC,N/A - From RDC,Air Charter,1/30/2012,N/A - From RDC,20-Jun-12,15-Jun-12,15-Jun-12,ARV,Adult,SCMS from RDC,"Abacavir/Lamivudine/Zidovudine 300/150/300mg, tablets, 60 Tabs",Abacavir/Lamivudine/Zidovudine,Generic,300/150/300mg,Tablet - FDC,60,3136,94080.0,30.0,0.5,Mylan (formerly Matrix) Nashik,Yes,478,2330.22,131.9
39452,116-ZA-T30,FPQ-15950,SCMS-277983,ASN-33453,South Africa,PMO - US,Direct Drop,DDP,Truck,2/20/2015,2/24/2015,23-Jul-15,23-Jul-15,23-Jul-15,ARV,Pediatric,PHARMACY DIRECT,"Ritonavir 80mg/ml [Norvir], oral solution, cool, Bottle, 90 ml",Ritonavir,Norvir,80mg/ml,Oral solution,90,12,59.62,4.97,0.06,ABBVIE (Abbott) France,Yes,Weight Captured Separately,Freight Included in Commodity Cost,0.07
83806,107-RW-T30,FPQ-12190,SO-45402,DN-3748,Rwanda,PMO - US,From RDC,N/A - From RDC,Truck,5/6/2013,N/A - From RDC,30-Jun-14,12-Jun-14,10-Jul-14,ARV,Pediatric,SCMS from RDC,"Lamivudine 10mg/ml, oral solution w/syringe, Bottle, 240 ml",Lamivudine,Generic,10mg/ml,Oral solution,240,507,937.95,1.85,0.01,"Aurobindo Unit III, India",Yes,185,2342.16,1.16
84788,104-CI-T30,FPQ-10405,SO-43000,DN-3023,Côte d'Ivoire,PMO - US,From RDC,N/A - From RDC,Truck,7/24/2012,N/A - From RDC,27-Mar-13,28-Feb-13,28-Feb-13,ARV,Adult,SCMS from RDC,"Efavirenz 600mg, tablets, 30 Tabs",Efavirenz,Generic,600mg,Tablet,30,30000,99900.0,3.33,0.11,"Hetero, Jadcherla, unit 5, IN",No,See DN-3023 (ID#:83111),See DN-3023 (ID#:83111),140.06
23224,161-ZA-T30,FPQ-7175,SCMS-103510,ASN-11886,South Africa,PMO - US,Direct Drop,DDP,Ocean,3/10/2011,3/24/2011,10-Oct-11,10-Oct-11,10-Oct-11,ARV,Adult,Aurobindo Pharma Limited,"Efavirenz 600mg, tablets, 30 Tabs",Efavirenz,Generic,600mg,Tablet,30,110291,497412.41,4.51,0.15,"Aurobindo Unit III, India",Yes,9375,9951.38,820.73
67476,161-ZA-T30,FPQ-5303,SCMS-69010,ASN-7317,South Africa,PMO - US,Direct Drop,DDP,Air,3/18/2010,3/19/2010,24-Jun-10,24-Jun-10,24-Jun-10,ARV,Adult,Aurobindo Pharma Limited,"Zidovudine 300mg, tablets, 60 Tabs",Zidovudine,Generic,300mg,Tablet,60,23800,176834.0,7.43,0.12,"Aurobindo Unit III, India",Yes,1273,3296.58,381.25
82899,151-NG-T30,FPQ-5023,SO-36502,DN-1915,Nigeria,PMO - US,From RDC,N/A - From RDC,Air,2/10/2010,N/A - From RDC,15-Jul-10,28-Jun-10,28-Jun-10,ARV,Adult,SCMS from RDC,"Zidovudine 300mg, tablets, 60 Tabs",Zidovudine,Generic,300mg,Tablet,60,3000,22500.0,7.5,0.12,"Aurobindo Unit III, India",Yes,165,Freight Included in Commodity Cost,48.51
83174,104-CI-T30,FPQ-11253,SO-44210,DN-3371,Côte d'Ivoire,PMO - US,From RDC,N/A - From RDC,Truck,12/14/2012,N/A - From RDC,31-Oct-13,22-Oct-13,19-Nov-13,ARV,Adult,SCMS from RDC,"Lopinavir/Ritonavir 200/50mg [Aluvia], tablets, 120 Tabs",Lopinavir/Ritonavir,Aluvia,200/50mg,Tablet,120,15119,305706.18,20.22,0.17,ABBVIE Ludwigshafen Germany,Yes,7541,27875.36,378.16
86507,105-GY-T30,FPQ-10252,SO-42780,DN-2811,Guyana,PMO - US,From RDC,N/A - From RDC,Air,7/5/2012,N/A - From RDC,2-Oct-12,29-Aug-12,29-Aug-12,ARV,Pediatric,SCMS from RDC,"Abacavir 20mg/ml, oral solution w/syringe, Bottle, 240 ml",Abacavir,Generic,20mg/ml,Oral solution,240,129,1612.5,12.5,0.05,"Aurobindo Unit III, India",No,See DN-2811 (ID#:83067),See DN-2811 (ID#:83067),2.26
51275,108-VN-T30,FPQ-11418,SCMS-176180,ASN-19098,Vietnam,PMO - US,Direct Drop,EXW,Air,1/29/2013,2/5/2013,22-May-13,22-May-13,22-May-13,ARV,Pediatric,Aurobindo Pharma Limited,"Zidovudine 10mg/ml, oral solution w/syringe, Bottle, 240 ml",Zidovudine,Generic,10mg/ml,Oral solution,240,471,989.1,2.1,0.01,"Aurobindo Unit III, India",No,See ASN-19098 (ID#:21556),See ASN-19098 (ID#:21556),1.22
13874,106-HT-T30,FPQ-11443,SCMS-180960,ASN-20434,Haiti,PMO - US,Direct Drop,EXW,Air,2/7/2013,3/22/2013,14-Aug-13,14-Aug-13,14-Aug-13,ARV,Adult,MICRO LABS LIMITED,"Efavirenz 600mg, tablets, 30 Tabs",Efavirenz,Generic,600mg,Tablet,30,14448,46667.04,3.23,0.11,"Micro labs, Verna, Goa, India",Yes,2284,13257.25,57.73
7244,116-ZA-T01,Pre-PQ Process,SCMS-26820,ASN-2488,South Africa,PMO - US,Direct Drop,DDP,Truck,Pre-PQ Process,Date Not Captured,10-Jul-08,8-Jul-08,8-Jul-08,ARV,Adult,S. BUYS WHOLESALER,"Nevirapine 200mg, tablets, 60 Tabs",Nevirapine,Generic,200mg,Tablet,60,120,2428.8,20.24,0.34,"Cipla, Goa, India",No,Weight Captured Separately,Freight Included in Commodity Cost,3.89
19958,103-KE-T30,FPQ-10018,SCMS-149610,ASN-15368,Kenya,PMO - US,Direct Drop,EXW,Air,6/5/2012,6/14/2012,9-Jul-12,9-Jul-12,9-Jul-12,HRDT,HIV test,"Orgenics, Ltd","HIV 1/2, Determine Complete HIV Kit, 100 Tests","HIV 1/2, Determine Complete HIV Kit",Determine,,Test kit,100,1,89.0,89.0,0.89,"Alere Medical Co., Ltd.",Yes,985,11034.01,0.12
85774,106-HT-T30,FPQ-6801,SO-40160,DN-2278,Haiti,PMO - US,From RDC,N/A - From RDC,Air,12/14/2010,N/A - From RDC,19-Jul-11,21-Jul-11,21-Jul-11,ARV,Adult,SCMS from RDC,"Lamivudine/Zidovudine 150/300mg, tablets, 60 Tabs",Lamivudine/Zidovudine,Generic,150/300mg,Tablet - FDC,60,20642,176489.1,8.55,0.14,Hetero Unit III Hyderabad IN,Yes,1778,28585.57,291.21
83682,111-MZ-T30,FPQ-11033,SO-43791,DN-3112,Mozambique,PMO - US,From RDC,N/A - From RDC,Truck,11/12/2012,N/A - From RDC,14-Jul-13,26-Jul-13,26-Jul-13,ARV,Pediatric,SCMS from RDC,"Zidovudine 10mg/ml, oral solution w/syringe, Bottle, 240 ml",Zidovudine,Generic,10mg/ml,Oral solution,240,18597,39053.7,2.1,0.01,"Aurobindo Unit III, India",Yes,7141,5496.08,48.31
14309,108-VN-T30,FPQ-10286,SCMS-155700,ASN-17018,Vietnam,PMO - US,Direct Drop,FCA,Air,7/25/2012,8/14/2012,15-Jan-13,15-Jan-13,15-Jan-13,ARV,Adult,ABBVIE LOGISTICS (FORMERLY ABBOTT LOGISTICS BV),"Lopinavir/Ritonavir 200/50mg [Aluvia], tablets, 120 Tabs",Lopinavir/Ritonavir,Aluvia,200/50mg,Tablet,120,3812,231845.84,60.82,0.51,ABBVIE Ludwigshafen Germany,Yes,824,3216.15,325.05
11481,104-CI-T01,Pre-PQ Process,SO-1546,DN-609,Côte d'Ivoire,PMO - US,From RDC,N/A - From RDC,Air,Pre-PQ Process,N/A - From RDC,19-Feb-08,19-Feb-08,19-Feb-08,ARV,Adult,SCMS from RDC,"Efavirenz 600mg, tablets, 30 Tabs",Efavirenz,Generic,600mg,Tablet,30,37039,444838.39,12.01,0.4,"Strides, Bangalore, India.",No,See DN-609 (ID#:11480),See DN-609 (ID#:11480),711.74
51818,104-CI-T30,FPQ-6252,SCMS-85430,ASN-8572,Côte d'Ivoire,PMO - US,Direct Drop,EXW,Air,8/26/2010,9/16/2010,24-Nov-10,24-Nov-10,24-Nov-10,HRDT,HIV test - Ancillary,"CHEMBIO DIAGNOSTIC SYSTEMS, INC.","HIV 1/2, Stat-Pak Buffer Only, 20 Tests","HIV 1/2, Stat-Pak Buffer Only",Stat-Pak,,Test kit - Ancillary,1,660,1650.0,2.5,2.5,Chembio Diagnostics Sys. Inc.,Yes,Weight Captured Separately,Invoiced Separately,3.56
48839,104-CI-T30,FPQ-13603,SCMS-228070,ASN-29946,Côte d'Ivoire,PMO - US,Direct Drop,EXW,Air,1/23/2014,2/26/2014,16-Feb-15,16-Feb-15,17-Feb-15,HRDT,HIV test,"Orgenics, Ltd","HIV 1/2, Determine Complete HIV Kit, 100 Tests","HIV 1/2, Determine Complete HIV Kit",Determine,,Test kit,100,4750,380000.0,80.0,0.8,"Alere Medical Co., Ltd.",Yes,1930,23013.2,390.64
10943,117-ET-T01,Pre-PQ Process,SO-1719,DN-593,Ethiopia,PMO - US,From RDC,N/A - From RDC,Air,Pre-PQ Process,N/A - From RDC,5-Feb-08,5-Feb-08,5-Feb-08,ARV,Adult,SCMS from RDC,"Zidovudine 300mg, tablets, 60 Tabs",Zidovudine,Generic,300mg,Tablet,60,10000,81500.0,8.15,0.14,"Aurobindo Unit III, India",Yes,574,3787.32,130.4
84000,151-NG-T30,FPQ-4537,SO-36002,DN-1814,Nigeria,PMO - US,From RDC,N/A - From RDC,Air Charter,11/6/2009,N/A - From RDC,31-May-10,18-May-10,18-May-10,ARV,Adult,SCMS from RDC,"Nevirapine 200mg, tablets, 60 Tabs",Nevirapine,Generic,200mg,Tablet,60,46001,122362.66,2.66,0.04,"Strides, Bangalore, India.",Yes,2526,9736.1,263.81
52704,114-UG-T30,FPQ-4373,SCMS-58250,ASN-6151,Uganda,PMO - US,Direct Drop,EXW,Air,11/25/2009,12/2/2009,9-Mar-10,9-Mar-10,9-Mar-10,ARV,Pediatric,EMCURE PHARMACEUTICALS LTD,"Atazanavir 150mg, capsules, 60 Caps",Atazanavir,Generic,150mg,Capsule,60,384,10018.56,26.09,0.43,"Emcure Plot No.P-2, I.T-B.T. Park, Phase II, MIDC, Hinjwadi, Pune, India",Yes,40,990.07,19.64
2430,116-ZA-T01,Pre-PQ Process,SCMS-40790,ASN-3575,South Africa,PMO - US,Direct Drop,DDP,Air,Pre-PQ Process,Date Not Captured,24-Mar-09,1-Dec-08,1-Dec-08,ARV,Adult,S. BUYS WHOLESALER,"Nevirapine 200mg, tablets, 60 Tabs",Nevirapine,Generic,200mg,Tablet,60,5017,24583.3,4.9,0.08,"Aurobindo Unit III, India",Yes,Weight Captured Separately,Freight Included in Commodity Cost,48.18
73843,161-ZA-T30,FPQ-6262,SCMS-83790,ASN-9179,South Africa,PMO - US,Direct Drop,DDP,Ocean,8/31/2010,9/24/2010,31-Jan-11,31-Jan-11,31-Jan-11,ARV,Adult,Aurobindo Pharma Limited,"Lamivudine 150mg, tablets, 60 Tabs",Lamivudine,Generic,150mg,Tablet,60,19177,45449.49,2.37,0.04,"Aurobindo Unit III, India",No,See ASN-9179 (ID#:28515),See ASN-9179 (ID#:28515),97.99
31740,161-ZA-T30,FPQ-6262,SCMS-83830,ASN-9486,South Africa,PMO - US,Direct Drop,DDP,Ocean,8/31/2010,9/24/2010,4-Mar-11,4-Mar-11,4-Mar-11,ARV,Pediatric,Aurobindo Pharma Limited,"Lamivudine 10mg/ml, oral solution w/syringe, Bottle, 240 ml",Lamivudine,Generic,10mg/ml,Oral solution,240,6736,13606.72,2.02,0.01,"Aurobindo Unit III, India",No,See ASN-9486 (ID#:24187),See ASN-9486 (ID#:24187),29.34
85005,151-NG-T30,FPQ-14156,SO-48892,DN-4052,Nigeria,PMO - US,From RDC,N/A - From RDC,Air Charter,4/25/2014,N/A - From RDC,30-Jan-15,29-Dec-14,6-Jan-15,ARV,Adult,SCMS from RDC,"Lamivudine/Nevirapine/Zidovudine 150/200/300mg, tablets, 60 Tabs",Lamivudine/Nevirapine/Zidovudine,Generic,150/300/200mg,Tablet - FDC,60,320300,2472716.0,7.72,0.13,Mylan (formerly Matrix) Nashik,Yes,87076,194623.44,2541.95
39794,113-ZW-T30,FPQ-13032,SCMS-210170,ASN-22818,Zimbabwe,PMO - US,Direct Drop,EXW,Air,9/24/2013,10/18/2013,9-Dec-13,9-Dec-13,10-Dec-13,HRDT,HIV test - Ancillary,"Orgenics, Ltd","Chase Buffer, Determine, 100 Tests, 2.5ml x 1 Vial","Chase Buffer, Determine, 100 Tests, 2.5ml x 1 Vial",Determine,,Test kit - Ancillary,1,2000,10000.0,5.0,5.0,"Alere Medical Co., Ltd.",Yes,864,14314.83,12.37
83278,109-TZ-T30,FPQ-13566,SO-47654,DN-3932,Tanzania,PMO - US,From RDC,N/A - From RDC,Truck,1/15/2014,N/A - From RDC,31-Oct-14,22-Oct-14,4-Nov-14,ARV,Pediatric,SCMS from RDC,"Lamivudine/Zidovudine 30/60mg, dispersible tablets, 60 Tabs",Lamivudine/Zidovudine,Generic,30/60mg,Chewable/dispersible tablet - FDC,60,11688,25129.2,2.15,0.04,"Cipla, Goa, India",Yes,1673,5364.61,25.83
83667,104-CI-T30,FPQ-9749,SO-42411,DN-3073,Côte d'Ivoire,PMO - US,From RDC,N/A - From RDC,Truck,4/19/2012,N/A - From RDC,31-May-13,29-Apr-13,29-Apr-13,ARV,Pediatric,SCMS from RDC,"Lamivudine/Nevirapine/Zidovudine 30/50/60mg, dispersible tablets, 60 Tabs",Lamivudine/Nevirapine/Zidovudine,Generic,30/50/60mg,Chewable/dispersible tablet - FDC,60,5701,23659.15,4.15,0.07,Mylan (formerly Matrix) Nashik,Yes,335,2527.41,33.17
67043,133-NG-T30,FPQ-12812,SCMS-210351,ASN-23949,Nigeria,PMO - US,Direct Drop,EXW,Air,8/13/2013,11/1/2013,18-Feb-14,18-Feb-14,19-Mar-14,HRDT,HIV test,"Orgenics, Ltd","HIV 1/2, Determine Complete HIV Kit, 100 Tests","HIV 1/2, Determine Complete HIV Kit",Determine,,Test kit,100,9312,828768.0,89.0,0.89,"Alere Medical Co., Ltd.",Yes,3787,57017.68,1025.19
12258,123-NG-T01,Pre-PQ Process,SO-2554,DN-960,Nigeria,PMO - US,From RDC,N/A - From RDC,Air,Pre-PQ Process,N/A - From RDC,30-Oct-08,30-Oct-08,30-Oct-08,ARV,Adult,SCMS from RDC,"Efavirenz 600mg, tablets, 30 Tabs",Efavirenz,Generic,600mg,Tablet,30,11527,138439.27,12.01,0.4,"Aurobindo Unit III, India",No,See DN-960 (ID#:11945),See DN-960 (ID#:11945),271.34
84551,151-NG-T30,FPQ-4537,SO-35112,DN-1787,Nigeria,PMO - US,From RDC,N/A - From RDC,Air Charter,11/6/2009,N/A - From RDC,31-May-10,18-May-10,18-May-10,ARV,Adult,SCMS from RDC,"Lamivudine/Zidovudine+Efavirenz 150/300mg+600mg, tablets, co-blister 60+30 Tabs",Lamivudine/Zidovudine+Efavirenz,Generic,150/300mg+600mg,Tablet - FDC + co-blister,90,309,8497.5,27.5,0.31,"Aurobindo Unit III, India",Yes,51,9736.1,18.32
37076,110-ZM-T30,FPQ-16528,SCMS-294910,ASN-33650,Zambia,PMO - US,Direct Drop,EXW,Air,6/30/2015,7/28/2015,18-Aug-15,18-Aug-15,21-Aug-15,ARV,Adult,HETERO LABS LIMITED,"Efavirenz 600mg, tablets, 30 Tabs",Efavirenz,Generic,600mg,Tablet,30,56352,183144.0,3.25,0.11,"Hetero, Jadcherla, unit 5, IN",Yes,Weight Captured Separately,Invoiced Separately,215.56
37334,116-ZA-T30,FPQ-12523,SCMS-199310,ASN-29450,South Africa,PMO - US,Direct Drop,DDP,Truck,7/12/2013,8/13/2013,19-Nov-14,19-Nov-14,19-Nov-14,ARV,Adult,S. BUYS WHOLESALER,"Saquinavir 200mg [Invirase], capsules, 270 Caps",Saquinavir,Invirase,200mg,Capsule,270,30,2542.45,84.75,0.31,Roche Madrid,No,Weight Captured Separately,Freight Included in Commodity Cost,3.15
85675,106-HT-T30,FPQ-4384,SO-34640,DN-1842,Haiti,PMO - US,From RDC,N/A - From RDC,Air,10/23/2009,N/A - From RDC,2-Jun-10,9-Jun-10,9-Jun-10,ARV,Pediatric,SCMS from RDC,"Efavirenz 200mg, capsule, 90 Caps",Efavirenz,Generic,200mg,Capsule,90,168,1631.28,9.71,0.11,"Aurobindo Unit III, India",No,See DN-1842 (ID#:84007),See DN-1842 (ID#:84007),3.52
12684,109-TZ-T01,Pre-PQ Process,SO-455,DN-290,Tanzania,PMO - US,From RDC,N/A - From RDC,,Pre-PQ Process,N/A - From RDC,10-Sep-07,10-Sep-07,10-Sep-07,ARV,Pediatric,SCMS from RDC,"Lopinavir/Ritonavir 80/20mg/ml [Kaletra], oral solution, cool, Bottle 5 x 60 ml",Lopinavir/Ritonavir,Kaletra,80/20mg/ml,Oral solution,300,147,6041.7,41.1,0.14,ABBVIE (Abbott) Logis. UK,No,See DN-290 (ID#:10859),See DN-290 (ID#:10859),9.67
19410,133-NG-T30,FPQ-7193,SCMS-103110,ASN-11031,Nigeria,PMO - US,Direct Drop,EXW,Air,2/16/2011,3/30/2011,7-Jul-11,7-Jul-11,7-Jul-11,HRDT,HIV test,"Orgenics, Ltd","HIV 1/2, Determine Complete HIV Kit, 100 Tests","HIV 1/2, Determine Complete HIV Kit",Determine,,Test kit,100,2586,230154.0,89.0,0.89,Inverness Japan,Yes,1231,28132.96,379.75
83259,151-NG-T30,FPQ-13293,SO-47286,DN-3792,Nigeria,PMO - US,From RDC,N/A - From RDC,Air Charter,11/19/2013,N/A - From RDC,30-Jun-14,20-Jun-14,25-Jun-14,ARV,Adult,SCMS from RDC,"Lamivudine/Zidovudine 150/300mg, tablets, 60 Tabs",Lamivudine/Zidovudine,Generic,150/300mg,Tablet - FDC,60,29796,194269.92,6.52,0.11,Mylan (formerly Matrix) Nashik,Yes,5862,28812.57,199.71
19172,105-SS-T30,FPQ-15569,SCMS-272170,ASN-32106,South Sudan,PMO - US,Direct Drop,EXW,Air,12/29/2014,2/20/2015,2-Jul-15,7-Jul-15,7-Jul-15,HRDT,HIV test,"Orgenics, Ltd","HIV 1/2, Determine Complete HIV Kit, 100 Tests","HIV 1/2, Determine Complete HIV Kit",Determine,,Test kit,100,70,6230.0,89.0,0.89,"Alere Medical Co., Ltd.",Yes,Weight Captured Separately,Invoiced Separately,7.33
86116,111-MZ-T30,FPQ-13124,SO-47050,DN-3827,Mozambique,PMO - US,From RDC,N/A - From RDC,Truck,10/21/2013,N/A - From RDC,29-Aug-14,25-Aug-14,28-Aug-14,ARV,Adult,SCMS from RDC,"Lamivudine/Nevirapine/Zidovudine 150/200/300mg, tablets, 60 Tabs",Lamivudine/Nevirapine/Zidovudine,Generic,150/300/200mg,Tablet - FDC,60,232476,1885380.36,8.11,0.14,"Cipla, Goa, India",No,See DN-3827 (ID#:82705),See DN-3827 (ID#:82705),1938.17
66609,108-VN-T30,FPQ-6384,SCMS-87770,ASN-9407,Vietnam,PMO - US,Direct Drop,EXW,Air,9/30/2010,10/18/2010,9-Feb-11,9-Feb-11,9-Feb-11,ARV,Adult,HETERO LABS LIMITED,"Stavudine 30mg, capsules, 60 Caps",Stavudine,Generic,30mg,Capsule,60,14428,20920.6,1.45,0.02,Hetero Unit III Hyderabad IN,No,See ASN-9407 (ID#:17697),See ASN-9407 (ID#:17697),45.1
84968,109-TZ-T30,FPQ-13042,SO-46674,DN-3867,Tanzania,PMO - US,From RDC,N/A - From RDC,Truck,10/1/2013,N/A - From RDC,29-Aug-14,29-Sep-14,6-Oct-14,ARV,Pediatric,SCMS from RDC,"Lamivudine/Nevirapine/Zidovudine 30/50/60mg, dispersible tablets, 60 Tabs",Lamivudine/Nevirapine/Zidovudine,Generic,30/50/60mg,Chewable/dispersible tablet - FDC,60,20000,74600.0,3.73,0.06,Mylan (formerly Matrix) Nashik,Yes,3431,19379.94,92.28
11278,123-NG-T01,Pre-PQ Process,SO-17680,DN-1010,Nigeria,PMO - US,From RDC,N/A - From RDC,Air,Pre-PQ Process,N/A - From RDC,26-Nov-08,26-Nov-08,26-Nov-08,ARV,Adult,SCMS from RDC,"Lamivudine/Zidovudine 150/300mg, tablets, 60 Tabs",Lamivudine/Zidovudine,Generic,150/300mg,Tablet - FDC,60,11569,109327.05,9.45,0.16,"Aurobindo Unit III, India",Yes,1072,8504.72,214.28
12014,106-HT-T01,Pre-PQ Process,SO-32720,DN-1466,Haiti,PMO - US,From RDC,N/A - From RDC,Air,Date Not Captured,N/A - From RDC,21-Oct-09,21-Oct-09,21-Oct-09,ARV,Adult,SCMS from RDC,"Nevirapine 200mg, tablets, 60 Tabs",Nevirapine,Generic,200mg,Tablet,60,15825,45892.5,2.9,0.05,"Aurobindo Unit III, India",No,See DN-1466 (ID#:11357),See DN-1466 (ID#:11357),89.95
11883,109-TZ-T01,Pre-PQ Process,SO-1943,DN-664,Tanzania,PMO - US,From RDC,N/A - From RDC,Air,Pre-PQ Process,N/A - From RDC,23-Apr-08,23-Apr-08,23-Apr-08,ARV,Pediatric,SCMS from RDC,"Didanosine 100mg, chewable/dispersible tablets, 60 Tabs",Didanosine,Generic,100mg,Chewable/dispersible tablet,60,11640,90210.0,7.75,0.13,"Aurobindo Unit III, India",Yes,2427,8381.22,144.34
85326,113-ZW-T30,FPQ-10632,SO-43220,DN-2989,Zimbabwe,PMO - US,From RDC,N/A - From RDC,Truck,9/11/2012,N/A - From RDC,11-Feb-13,11-Feb-13,11-Feb-13,ARV,Adult,SCMS from RDC,"Nevirapine 200mg, tablets, 60 Tabs",Nevirapine,Generic,200mg,Tablet,60,131487,318198.54,2.42,0.04,Hetero Unit III Hyderabad IN,No,See DN-2989 (ID#:84216),See DN-2989 (ID#:84216),446.11
85768,111-MZ-T30,FPQ-7053,SO-39820,DN-2242,Mozambique,PMO - US,From RDC,N/A - From RDC,Truck,1/24/2011,N/A - From RDC,10-Aug-11,4-Aug-11,4-Aug-11,ARV,Pediatric,SCMS from RDC,"Nevirapine 10mg/ml, oral suspension, Bottle, 240 ml",Nevirapine,Generic,10mg/ml,Oral suspension,240,24496,44092.8,1.8,0.01,"Aurobindo Unit III, India",No,See DN-2242 (ID#:84654),See DN-2242 (ID#:84654),72.75
83492,110-ZM-T30,FPQ-6222,SO-38910,DN-2142,Zambia,PMO - US,From RDC,N/A - From RDC,Truck,8/20/2010,N/A - From RDC,31-Mar-11,5-Apr-11,5-Apr-11,ARV,Adult,SCMS from RDC,"Lamivudine 150mg, tablets, 60 Tabs",Lamivudine,Generic,150mg,Tablet,60,21678,50509.74,2.33,0.04,"Aurobindo Unit III, India",Yes,1084,4471.07,108.9
1723,116-ZA-T01,Pre-PQ Process,SCMS-21460,ASN-2291,South Africa,PMO - US,Direct Drop,DDP,,Pre-PQ Process,4/4/2008,25-Apr-08,25-Apr-08,25-Apr-08,ARV,Adult,S. BUYS WHOLESALER,"Zidovudine 300mg [Retrovir], tablets, 60 Tabs",Zidovudine,Retrovir,300mg,Tablet,60,300,4155.0,13.85,0.23,GSK Aranda,Yes,Weight Captured Separately,Freight Included in Commodity Cost,6.65
86451,106-HT-T30,FPQ-9056,SO-41320,DN-2521,Haiti,PMO - US,From RDC,N/A - From RDC,Air,12/20/2011,N/A - From RDC,30-Mar-12,13-Feb-12,13-Feb-12,ARV,Adult,SCMS from RDC,"Lamivudine/Stavudine 150/30mg, tablets, 60 Tabs",Lamivudine/Stavudine,Generic,150/30mg,Tablet - FDC,60,432,1274.4,2.95,0.05,"Strides, Bangalore, India.",No,See DN-2521 (ID#:84704),See DN-2521 (ID#:84704),1.79
85386,101-CD-T30,FPQ-12033,SO-45020,DN-3268,"Congo, DRC",PMO - US,From RDC,N/A - From RDC,Air,4/8/2013,N/A - From RDC,27-Aug-13,8-Feb-14,11-Mar-14,ARV,Adult,SCMS from RDC,"Abacavir 300mg, tablets, 60 Tabs",Abacavir,Generic,300mg,Tablet,60,379,4911.84,12.96,0.22,Mylan (formerly Matrix) Nashik,No,See DN-3268 (ID#:82595),See DN-3268 (ID#:82595),6.08
40935,108-VN-T30,FPQ-15692,SCMS-274350,ASN-32776,Vietnam,PMO - US,Direct Drop,EXW,Air,1/28/2015,2/17/2015,27-Jul-15,27-Jul-15,27-Jul-15,ARV,Adult,MYLAN LABORATORIES LTD (FORMERLY MATRIX LABORATORIES),"Lamivudine/Zidovudine 150/300mg, tablets, 60 Tabs",Lamivudine/Zidovudine,Generic,150/300mg,Tablet - FDC,60,13000,84370.0,6.49,0.11,Mylan (formerly Matrix) Nashik,Yes,Weight Captured Separately,Invoiced Separately,99.3
414,119-NA-T01,Pre-PQ Process,SCMS-19130,ASN-1798,Namibia,PMO - US,Direct Drop,EXW,Air,Pre-PQ Process,3/18/2008,4-Jun-08,4-Jun-08,4-Jun-08,HRDT,HIV test,"Orgenics, Ltd","HIV 1/2, Determine HIV Kit, without Lancets, 100 Tests","HIV 1/2, Determine HIV Kit, without Lancets",Determine,,Test kit,100,142,10222.58,71.99,0.72,Inverness Japan,Yes,33,1715.17,16.36
42159,114-UG-T30,FPQ-13600,SCMS-225710,ASN-27170,Uganda,PMO - US,Direct Drop,CIP,Air,1/28/2014,2/4/2014,30-Jul-14,30-Jul-14,6-Aug-14,ARV,Adult,MERCK SHARP & DOHME IDEA GMBH (FORMALLY MERCK SHARP & DOHME B.V.),"Raltegravir 400mg [Isentress], tablets, 60 Tabs",Raltegravir,Isentress,400mg,Tablet,60,1300,72150.0,55.5,0.92,"MSD, Haarlem, NL",Yes,Weight Captured Separately,Freight Included in Commodity Cost,74.17
11597,111-MZ-T01,Pre-PQ Process,SO-15080,DN-1034,Mozambique,PMO - US,From RDC,N/A - From RDC,Air,Pre-PQ Process,N/A - From RDC,21-Feb-09,21-Feb-09,21-Feb-09,ARV,Adult,SCMS from RDC,"Nevirapine 200mg, tablets, 60 Tabs",Nevirapine,Generic,200mg,Tablet,60,7306,23379.2,3.2,0.05,Hetero Unit III Hyderabad IN,No,See DN-1034 (ID#:10732),See DN-1034 (ID#:10732),45.82
82474,113-ZW-T30,FPQ-8464,SO-40861,DN-2655,Zimbabwe,PMO - US,From RDC,N/A - From RDC,Truck,10/4/2011,N/A - From RDC,31-May-12,25-May-12,25-May-12,ARV,Adult,SCMS from RDC,"Nevirapine 200mg, tablets, 60 Tabs",Nevirapine,Generic,200mg,Tablet,60,16873,41170.12,2.44,0.04,"Aurobindo Unit III, India",Yes,8433,15219.71,67.93
82727,151-NG-T30,FPQ-13704,SO-48322,DN-3914,Nigeria,PMO - US,From RDC,N/A - From RDC,Air Charter,2/13/2014,N/A - From RDC,30-Sep-14,3-Sep-14,5-Sep-14,ARV,Pediatric,SCMS from RDC,"Efavirenz 200mg, capsule, 90 Caps",Efavirenz,Generic,200mg,Capsule,90,10230,56265.0,5.5,0.06,"Aurobindo Unit III, India",Yes,1505,10060,57.84
83654,111-MZ-T30,FPQ-11033,SO-43760,DN-3012,Mozambique,PMO - US,From RDC,N/A - From RDC,Truck,11/12/2012,N/A - From RDC,1-Apr-13,22-Mar-13,22-Mar-13,ARV,Adult,SCMS from RDC,"Nevirapine 200mg, tablets, 60 Tabs",Nevirapine,Generic,200mg,Tablet,60,1820,4204.2,2.31,0.04,Hetero Unit III Hyderabad IN,No,See DN-3012 (ID#:83107),See DN-3012 (ID#:83107),5.2
6418,116-ZA-T01,Pre-PQ Process,SCMS-41587,ASN-4602,South Africa,PMO - US,Direct Drop,DDP,Air,Pre-PQ Process,3/27/2009,25-Jun-09,16-Apr-09,16-Apr-09,ARV,Adult,S. BUYS WHOLESALER,"Efavirenz 600mg, tablets, 30 Tabs",Efavirenz,Generic,600mg,Tablet,30,6500,82030.0,12.62,0.42,"Aurobindo Unit III, India",Yes,Weight Captured Separately,Freight Included in Commodity Cost,160.78
84035,151-NG-T30,FPQ-5023,SO-36467,DN-1992,Nigeria,PMO - US,From RDC,N/A - From RDC,Air Charter,2/10/2010,N/A - From RDC,12-Aug-10,17-Aug-10,17-Aug-10,ARV,Adult,SCMS from RDC,"Nevirapine 200mg, tablets, 60 Tabs",Nevirapine,Generic,200mg,Tablet,60,34801,95006.73,2.73,0.05,"Aurobindo Unit III, India",Yes,3951,6147.18,204.83
82813,110-ZM-T30,FPQ-14784,SO-49620,DN-4315,Zambia,PMO - US,From RDC,N/A - From RDC,Truck,8/12/2014,N/A - From RDC,15-Aug-15,25-Aug-15,3-Sep-15,ARV,Adult,SCMS from RDC,"Efavirenz/Lamivudine/Tenofovir Disoproxil Fumarate 600/300/300mg, tablets, 30 Tabs",Efavirenz/Lamivudine/Tenofovir Disoproxil Fumarate,Generic,600/300/300mg,Tablet - FDC,30,148665,1485163.35,9.99,0.33,"Aurobindo Unit VII, IN",Yes,37686,Freight Included in Commodity Cost,1526.75
21839,116-ZA-T30,FPQ-12522,SCMS-199289,ASN-28034,South Africa,PMO - US,Direct Drop,DDP,Truck,7/11/2013,8/29/2014,29-Aug-14,29-Aug-14,29-Aug-14,ARV,Adult,S. BUYS WHOLESALER,"Didanosine 400mg, delayed-release capsules, 30 Caps",Didanosine,Generic,400mg,Delayed-release capsules,30,20,434.11,21.71,0.72,"Aurobindo Unit III, India",No,Weight Captured Separately,Freight Included in Commodity Cost,0.54
82272,154-NG-T30,FPQ-3815,SO-32260,DN-1452,Nigeria,PMO - US,From RDC,N/A - From RDC,Air Charter,5/26/2009,N/A - From RDC,30-Oct-09,20-Oct-09,20-Oct-09,ARV,Adult,SCMS from RDC,"Nevirapine 200mg, tablets, 60 Tabs",Nevirapine,Generic,200mg,Tablet,60,318,922.2,2.9,0.05,"Aurobindo Unit III, India",Yes,105,9341.59,1.81
72291,107-RW-T30,FPQ-4047,SCMS-50820,ASN-7096,Rwanda,PMO - US,Direct Drop,CIP,Air,7/28/2009,8/18/2009,13-Jun-10,13-Jun-10,13-Jun-10,ARV,Adult,HETERO LABS LIMITED,"Lamivudine 150mg, tablets, 60 Tabs",Lamivudine,Generic,150mg,Tablet,60,15750,40792.5,2.59,0.04,Hetero Unit III Hyderabad IN,Yes,986,4015.82,79.95
85748,104-CI-T30,FPQ-6495,SO-38770,DN-2147,Côte d'Ivoire,PMO - US,From RDC,N/A - From RDC,Air,10/4/2010,N/A - From RDC,31-Mar-11,29-Apr-11,29-Apr-11,ARV,Pediatric,SCMS from RDC,"Zidovudine 10mg/ml, oral solution w/syringe, Bottle, 240 ml",Zidovudine,Generic,10mg/ml,Oral solution,240,5000,10500.0,2.1,0.01,"Aurobindo Unit III, India",Yes,1841,9447.08,22.64
71076,116-ZA-T30,FPQ-13973,SCMS-238550,ASN-30792,South Africa,PMO - US,Direct Drop,DDP,Truck,4/30/2014,5/8/2014,19-Feb-15,19-Feb-15,19-Feb-15,ARV,Adult,PHARMACY DIRECT,"Raltegravir 400mg [Isentress], tablets, 60 Tabs",Raltegravir,Isentress,400mg,Tablet,60,3,253.94,84.65,1.41,"MSD, Haarlem, NL",No,Weight Captured Separately,Freight Included in Commodity Cost,0.26
83501,110-ZM-T30,FPQ-6482,SO-39420,DN-2198,Zambia,PMO - US,From RDC,N/A - From RDC,Truck,10/15/2010,N/A - From RDC,30-Apr-11,20-May-11,20-May-11,ARV,Adult,SCMS from RDC,"Nevirapine 200mg, tablets, 60 Tabs",Nevirapine,Generic,200mg,Tablet,60,18000,45180.0,2.51,0.04,"Strides, Bangalore, India.",Yes,1032,3402.23,97.41
85599,107-RW-T30,FPQ-15622,SO-50720,DN-4286,Rwanda,PMO - US,From RDC,N/A - From RDC,Truck,12/22/2014,N/A - From RDC,30-Jun-15,17-Jun-15,29-Jun-15,ARV,Adult,SCMS from RDC,"Efavirenz/Lamivudine/Tenofovir Disoproxil Fumarate 600/300/300mg, tablets, 30 Tabs",Efavirenz/Lamivudine/Tenofovir Disoproxil Fumarate,Generic,600/300/300mg,Tablet - FDC,30,294399,2826230.4,9.6,0.32,Mylan (formerly Matrix) Nashik,Yes,33500,Freight Included in Commodity Cost,3326.47
47870,102-SD-T30,FPQ-8261,SCMS-120462,ASN-12337,Sudan,PMO - US,Direct Drop,EXW,Air,8/29/2011,9/7/2011,11-Jan-12,11-Jan-12,11-Jan-12,HRDT,HIV test,"Trinity Biotech, Plc","HIV 1/2, Uni-Gold HIV Kit, 20 Tests","HIV 1/2, Uni-Gold HIV Kit",Uni-Gold,,Test kit,20,39,1248.0,32.0,1.6,"Trinity Biotech, Plc",Yes,13,581.73,2.06
9366,108-VN-T01,Pre-PQ Process,SCMS-10980,ASN-1016,Vietnam,PMO - US,Direct Drop,EXW,Air,Pre-PQ Process,7/4/2007,6-Dec-07,6-Dec-07,6-Dec-07,ARV,Pediatric,Aurobindo Pharma Limited,"Didanosine 100mg, chewable/dispersible tablets, 60 Tabs",Didanosine,Generic,100mg,Chewable/dispersible tablet,60,1300,10075.0,7.75,0.13,"Aurobindo Unit III, India",Yes,270,3850.43,16.12
75502,109-TZ-T30,FPQ-13048,SCMS-210910,ASN-23397,Tanzania,PMO - US,Direct Drop,EXW,Air,10/3/2013,10/28/2013,28-Jan-14,28-Jan-14,28-Jan-14,ARV,Pediatric,Aurobindo Pharma Limited,"Efavirenz 50mg, capsule, 30 Caps",Efavirenz,Generic,50mg,Capsule,30,11912,18582.72,1.56,0.05,"Aurobindo Unit III, India",Yes,802,5740.54,22.99
26879,161-ZA-T30,FPQ-6262,SCMS-83790,ASN-9477,South Africa,PMO - US,Direct Drop,DDP,Ocean,8/31/2010,9/24/2010,6-Jan-11,10-Mar-11,10-Mar-11,ARV,Pediatric,Aurobindo Pharma Limited,"Nevirapine 10mg/ml, oral suspension w/syringe, Bottle, 240 ml",Nevirapine,Generic,10mg/ml,Oral suspension,240,10233,21693.96,2.12,0.01,"Aurobindo Unit III, India",Yes,3542,6660.05,46.77
72281,119-NA-T30,FPQ-3983,SCMS-50160,ASN-4754,Namibia,PMO - US,Direct Drop,EXW,Air,7/17/2009,7/25/2009,25-Aug-09,25-Aug-09,25-Aug-09,HRDT,HIV test,"Orgenics, Ltd","HIV 1/2, Determine HIV Kit, without Lancets, 100 Tests","HIV 1/2, Determine HIV Kit, without Lancets",Determine,,Test kit,100,150,10500.0,70.0,0.7,Inverness Japan,Yes,37,2541.8,20.58
12003,104-CI-T01,Pre-PQ Process,SO-32240,DN-1398,Côte d'Ivoire,PMO - US,From RDC,N/A - From RDC,Air,Date Not Captured,N/A - From RDC,8-Sep-09,8-Sep-09,8-Sep-09,ARV,Pediatric,SCMS from RDC,"Efavirenz 200mg, capsule, 90 Caps",Efavirenz,Generic,200mg,Capsule,90,2520,32079.6,12.73,0.14,"Aurobindo Unit III, India",No,See DN-1398 (ID#:11679),See DN-1398 (ID#:11679),62.88
85636,106-HT-T30,FPQ-4469,SO-34190,DN-1531,Haiti,PMO - US,From RDC,N/A - From RDC,Air,9/23/2009,N/A - From RDC,2-Dec-09,30-Nov-09,30-Nov-09,ARV,Pediatric,SCMS from RDC,"Zidovudine 100mg, capsules, 100 Caps",Zidovudine,Generic,100mg,Capsule,100,588,2940.0,5.0,0.05,"Aurobindo Unit III, India",No,See DN-1531 (ID#:83965),See DN-1531 (ID#:83965),6.34
12319,109-TZ-T01,Pre-PQ Process,SO-31281,DN-1430,Tanzania,PMO - US,From RDC,N/A - From RDC,Truck,Date Not Captured,N/A - From RDC,25-Sep-09,25-Sep-09,25-Sep-09,ARV,Adult,SCMS from RDC,"Abacavir 300mg, tablets, 60 Tabs",Abacavir,Generic,300mg,Tablet,60,9243,235234.35,25.45,0.42,"Aurobindo Unit III, India",Yes,936,2233.61,461.06
3037,117-ET-T01,Pre-PQ Process,SCMS-17940,ASN-1405,Ethiopia,PMO - US,Direct Drop,CIP,Air,Pre-PQ Process,2/20/2008,27-Feb-08,27-Feb-08,27-Feb-08,HRDT,HIV test,SUB-SAHARAN BIOMEDICAL P.L.C.,"HIV 1/2, Determine Complete HIV Kit, 100 Tests","HIV 1/2, Determine Complete HIV Kit",Determine,,Test kit,100,805,62967.1,78.22,0.78,Inverness Japan,Yes,Weight Captured Separately,Freight Included in Commodity Cost,100.75
86393,106-HT-T30,FPQ-6801,SO-39910,DN-2263,Haiti,PMO - US,From RDC,N/A - From RDC,Air,12/14/2010,N/A - From RDC,19-Jul-11,28-Jun-11,28-Jun-11,ARV,Pediatric,SCMS from RDC,"Efavirenz 200mg, capsule, 90 Caps",Efavirenz,Generic,200mg,Capsule,90,630,6104.7,9.69,0.11,"Aurobindo Unit III, India",No,See DN-2263 (ID#:82959),See DN-2263 (ID#:82959),10.07
11948,110-ZM-T01,Pre-PQ Process,SO-2543,DN-975,Zambia,PMO - US,From RDC,N/A - From RDC,Truck,Pre-PQ Process,N/A - From RDC,25-Nov-08,25-Nov-08,25-Nov-08,ARV,Adult,SCMS from RDC,"Emtricitabine/Tenofovir Disoproxil Fumarate 200/300mg [Truvada], tablets, 30 Tabs",Emtricitabine/Tenofovir Disoproxil Fumarate,Truvada,300/200mg,Tablet - FDC,30,100000,2625000.0,26.25,0.88,"Aspen-OSD, Port Elizabeth, SA",Yes,88190,11519.94,5145.0
50581,110-ZM-T30,FPQ-7439,SCMS-106740,ASN-11400,Zambia,PMO - US,Direct Drop,EXW,Air,4/1/2011,4/21/2011,22-Jul-11,25-Jul-11,25-Jul-11,HRDT,HIV test,"Orgenics, Ltd","HIV 1/2, Determine Complete HIV Kit, 100 Tests","HIV 1/2, Determine Complete HIV Kit",Determine,,Test kit,100,2835,226800.0,80.0,0.8,Inverness Japan,Yes,1094,24400.67,374.22
18436,117-ET-T30,FPQ-9096,SCMS-133410,ASN-15704,Ethiopia,PMO - US,Direct Drop,EXW,Air,1/5/2012,1/23/2012,31-Jul-12,31-Jul-12,31-Jul-12,HRDT,HIV test,"SHANGHAI KEHUA BIOENGINEERING CO.,LTD.  (KHB)","HIV 1/2, SKB Colloidal Gold, Diagnostic Kit, Antibody, 50 Tests","HIV 1/2, Colloidal Gold, Diagnostic Kit, Antibody",Colloidal Gold,,Test kit,1,175,4287.5,24.5,24.5,"KHB Test Kit Facility, Shanghai China",Yes,125,1472.03,6.01
10915,110-ZM-T01,Pre-PQ Process,SO-1329,DN-465,Zambia,PMO - US,From RDC,N/A - From RDC,,Pre-PQ Process,N/A - From RDC,30-Nov-07,30-Nov-07,30-Nov-07,ARV,Pediatric,SCMS from RDC,"Efavirenz 200mg, capsule, 90 Caps",Efavirenz,Generic,200mg,Capsule,90,2066,33056.0,16.0,0.18,"Aurobindo Unit III, India",Yes,236,1448.2,52.89
86204,151-NG-T30,FPQ-14989,SO-51421,DN-4273,Nigeria,PMO - US,From RDC,N/A - From RDC,Air Charter,9/19/2014,N/A - From RDC,30-Jun-15,15-May-15,22-May-15,ARV,Adult,SCMS from RDC,"Efavirenz/Lamivudine/Tenofovir Disoproxil Fumarate 600/300/300mg, tablets, 30 Tabs",Efavirenz/Lamivudine/Tenofovir Disoproxil Fumarate,Generic,600/300/300mg,Tablet - FDC,30,59500,571200.0,9.6,0.32,Hetero Unit III Hyderabad IN,No,See DN-4273 (ID#:86203),See DN-4273 (ID#:86203),587.19
86676,111-MZ-T30,FPQ-12416,SO-48180,DN-3644,Mozambique,PMO - US,From RDC,N/A - From RDC,Truck,6/28/2013,N/A - From RDC,2-Jun-14,3-Jun-14,11-Jun-14,ARV,Adult,SCMS from RDC,"Abacavir 300mg, tablets, 60 Tabs",Abacavir,Generic,300mg,Tablet,60,405,4548.15,11.23,0.19,Mylan (formerly Matrix) Nashik,Yes,39,3590,5.63
84583,104-CI-T30,FPQ-5201,SO-36311,DN-1982,Côte d'Ivoire,PMO - US,From RDC,N/A - From RDC,Air,3/3/2010,N/A - From RDC,23-Aug-10,23-Aug-10,23-Aug-10,ARV,Adult,SCMS from RDC,"Zidovudine 300mg, tablets, 60 Tabs",Zidovudine,Generic,300mg,Tablet,60,12060,86952.6,7.21,0.12,"Aurobindo Unit III, India",No,See DN-1982 (ID#:82910),See DN-1982 (ID#:82910),187.47
86550,104-CI-T30,FPQ-10633,SO-43321,DN-3019,Côte d'Ivoire,PMO - US,From RDC,N/A - From RDC,Truck,9/11/2012,N/A - From RDC,28-Feb-13,28-Feb-13,28-Feb-13,ARV,Adult,SCMS from RDC,"Lamivudine/Nevirapine/Zidovudine 150/200/300mg, tablets, 60 Tabs",Lamivudine/Nevirapine/Zidovudine,Generic,150/300/200mg,Tablet - FDC,60,64160,550492.8,8.58,0.14,Hetero Unit III Hyderabad IN,No,See DN-3019 (ID#:84227),See DN-3019 (ID#:84227),771.79
82996,114-UG-T30,FPQ-8522,SO-40941,DN-2461,Uganda,PMO - US,From RDC,N/A - From RDC,Truck,10/5/2011,N/A - From RDC,31-Jan-12,19-Jan-12,19-Jan-12,ARV,Adult,SCMS from RDC,"Efavirenz 600mg, tablets, 30 Tabs",Efavirenz,Generic,600mg,Tablet,30,15155,62438.6,4.12,0.14,"Strides, Bangalore, India.",No,See DN-2461 (ID#:82994),See DN-2461 (ID#:82994),103.02
66205,106-HT-T30,FPQ-15038,SCMS-263050,ASN-31197,Haiti,PMO - US,Direct Drop,EXW,Air,10/22/2014,12/24/2014,26-Mar-15,26-Mar-15,26-Mar-15,ARV,Adult,EMCURE PHARMACEUTICALS LTD,"Atazanavir/Ritonavir 300/100mg, tablets, 30 Tabs",Atazanavir/Ritonavir,Generic,300/100mg,Tablet,30,1000,18000.0,18.0,0.6,"Emcure Plot No.P-2, I.T-B.T. Park, Phase II, MIDC, Hinjwadi, Pune, India",Yes,133,1604.56,18.5
2437,116-ZA-T01,Pre-PQ Process,SCMS-41080,ASN-3638,South Africa,PMO - US,Direct Drop,DDP,Air,Pre-PQ Process,Date Not Captured,26-May-09,22-Jan-09,22-Jan-09,ARV,Adult,S. BUYS WHOLESALER,"Efavirenz 600mg, tablets, 30 Tabs",Efavirenz,Generic,600mg,Tablet,30,1120,16307.2,14.56,0.49,"Cipla, Goa, India",Yes,Weight Captured Separately,Freight Included in Commodity Cost,31.96
4611,102-BW-T01,Pre-PQ Process,SCMS-27750,ASN-2397,Botswana,PMO - US,Direct Drop,EXW,Air,Pre-PQ Process,7/28/2008,18-Nov-08,18-Nov-08,18-Nov-08,HRDT,HIV test,"Trinity Biotech, Plc","HIV 1/2, Uni-Gold HIV Kit, 20 Tests","HIV 1/2, Uni-Gold HIV Kit",Uni-Gold,,Test kit,20,5,160.0,32.0,1.6,"Trinity Biotech, Plc",Yes,3,1225.17,0.26
83671,102-BI-T30,FPQ-11661,SO-44640,DN-3096,Burundi,PMO - US,From RDC,N/A - From RDC,Air,2/20/2013,N/A - From RDC,2-May-13,10-May-13,10-May-13,ARV,Pediatric,SCMS from RDC,"Zidovudine 10mg/ml, oral solution w/syringe, Bottle, 240 ml",Zidovudine,Generic,10mg/ml,Oral solution,240,574,1205.4,2.1,0.01,"Aurobindo Unit III, India",Yes,422,5384.96,1.49
84671,151-NG-T30,FPQ-7812,SO-39992,DN-2351,Nigeria,PMO - US,From RDC,N/A - From RDC,Air Charter,6/6/2011,N/A - From RDC,3-Nov-11,28-Sep-11,28-Sep-11,ARV,Adult,SCMS from RDC,"Nevirapine 200mg, tablets, 60 Tabs",Nevirapine,Generic,200mg,Tablet,60,164398,412638.98,2.51,0.04,Hetero Unit III Hyderabad IN,Yes,9988,18495.9,680.85
21868,108-VN-T30,FPQ-7565,SCMS-107650,ASN-11407,Vietnam,PMO - US,Direct Drop,EXW,Air,4/21/2011,5/2/2011,27-Jul-11,27-Jul-11,27-Jul-11,ARV,Adult,MYLAN LABORATORIES LTD (FORMERLY MATRIX LABORATORIES),"Zidovudine 300mg, tablets, 60 Tabs",Zidovudine,Generic,300mg,Tablet,60,12000,87000.0,7.25,0.12,Mylan (formerly Matrix) Nashik,Yes,664,6247.82,143.55
10719,111-MZ-T01,Pre-PQ Process,SO-11071,DN-932,Mozambique,PMO - US,From RDC,N/A - From RDC,Truck,Pre-PQ Process,N/A - From RDC,14-Nov-08,14-Nov-08,14-Nov-08,ARV,Adult,SCMS from RDC,"Lamivudine/Nevirapine/Stavudine 150/200/30mg, tablets, 60 Tabs",Lamivudine/Nevirapine/Stavudine,Generic,150/200/30mg,Tablet - FDC,60,125010,900072.0,7.2,0.12,"Strides, Bangalore, India.",Yes,3918,1012.43,1440.12
21091,106-HT-T30,FPQ-9635,SCMS-148440,ASN-15571,Haiti,PMO - US,Direct Drop,EXW,Ocean,5/14/2012,6/28/2012,22-Oct-12,22-Oct-12,22-Oct-12,ARV,Pediatric,MYLAN LABORATORIES LTD (FORMERLY MATRIX LABORATORIES),"Lamivudine/Nevirapine/Zidovudine 30/50/60mg, dispersible tablets, 60 Tabs",Lamivudine/Nevirapine/Zidovudine,Generic,30/50/60mg,Chewable/dispersible tablet - FDC,60,5324,22094.6,4.15,0.07,Mylan (formerly Matrix) Nashik,Yes,4654,8538.03,30.98
12168,112-NG-T01,Pre-PQ Process,SO-1571,DN-620,Nigeria,PMO - US,From RDC,N/A - From RDC,Air,Pre-PQ Process,N/A - From RDC,14-Feb-08,14-Feb-08,14-Feb-08,ARV,Adult,SCMS from RDC,"Stavudine 30mg, capsules, 60 Caps",Stavudine,Generic,30mg,Capsule,60,447,679.44,1.52,0.03,"Aurobindo Unit III, India",Yes,1054,2722.38,1.09
85956,109-TZ-T30,FPQ-11393,SO-44381,DN-3101,Tanzania,PMO - US,From RDC,N/A - From RDC,Truck,12/30/2012,N/A - From RDC,31-May-13,14-May-13,14-May-13,ARV,Adult,SCMS from RDC,"Efavirenz/Emtricitabine/Tenofovir Disoproxil Fumarate 600/200/300mg, tablets, 30 Tabs",Efavirenz/Emtricitabine/Tenofovir Disoproxil Fumarate,Generic,600/200/300mg,Tablet - FDC,30,19014,260301.66,13.69,0.46,Mylan (formerly Matrix) Nashik,No,See DN-3101 (ID#:83672),See DN-3101 (ID#:83672),321.99
48500,107-RW-T30,FPQ-6341,SCMS-84980,ASN-9370,Rwanda,PMO - US,Direct Drop,EXW,Ocean,9/3/2010,9/28/2010,1-Mar-11,1-Mar-11,1-Mar-11,ARV,Adult,HETERO LABS LIMITED,"Nevirapine 200mg, tablets, 60 Tabs",Nevirapine,Generic,200mg,Tablet,60,176100,427923.0,2.43,0.04,Hetero Unit III Hyderabad IN,Yes,24219,23736.39,922.6
10809,107-RW-T01,Pre-PQ Process,SO-249,DN-6,Rwanda,PMO - US,From RDC,N/A - From RDC,Air,Pre-PQ Process,N/A - From RDC,1-Feb-07,1-Feb-07,1-Feb-07,ARV,Adult,SCMS from RDC,"Abacavir 300mg, tablets, 60 Tabs",Abacavir,Generic,300mg,Tablet,60,600,21480.0,35.8,0.6,"Aurobindo Unit III, India",Yes,55,913.15,
37177,161-ZA-T30,FPQ-7175,SCMS-103460,ASN-10839,South Africa,PMO - US,Direct Drop,DDP,Ocean,3/10/2011,3/24/2011,2-Sep-11,2-Sep-11,2-Sep-11,ARV,Adult,Aurobindo Pharma Limited,"Zidovudine 300mg, tablets, 60 Tabs",Zidovudine,Generic,300mg,Tablet,60,66793,487588.9,7.3,0.12,"Aurobindo Unit III, India",Yes,3458,3787.72,804.52
130,100-HT-T01,Pre-PQ Process,SCMS-10080,ASN-628,Haiti,PMO - US,Direct Drop,EXW,Air,Pre-PQ Process,7/26/2007,13-Aug-07,21-Aug-07,21-Aug-07,HRDT,HIV test,"Orgenics, Ltd","HIV 1/2, Determine HIV Kit, without Lancets, 100 Tests","HIV 1/2, Determine HIV Kit, without Lancets",Determine,,Test kit,100,750,53992.5,71.99,0.72,Inverness Japan,Yes,171,3518.38,86.39
85333,102-ZW-T30,FPQ-10674,SO-43250,DN-3036,Zimbabwe,PMO - US,From RDC,N/A - From RDC,Truck,9/18/2012,N/A - From RDC,29-Mar-13,23-Mar-13,23-Mar-13,ARV,Adult,SCMS from RDC,"Abacavir/Lamivudine 600/300mg, scored tablets, 30 Tabs",Abacavir/Lamivudine,Generic,600/300mg,Tablet - FDC,30,810,11307.6,13.96,0.47,Mylan (formerly Matrix) Nashik,Yes,52,1600,15.85
15356,102-SD-T30,FPQ-8261,SCMS-120472,ASN-13347,Sudan,PMO - US,Direct Drop,EXW,Air,8/29/2011,9/7/2011,8-Feb-12,8-Feb-12,8-Feb-12,HRDT,HIV test,"Trinity Biotech, Plc","HIV 1/2, Uni-Gold HIV Kit, 20 Tests","HIV 1/2, Uni-Gold HIV Kit",Uni-Gold,,Test kit,20,35,1120.0,32.0,1.6,"Trinity Biotech, Plc",Yes,12,646.81,1.85
9566,116-ZA-T01,Pre-PQ Process,SCMS-16600,ASN-1520,South Africa,PMO - US,Direct Drop,DDP,,Pre-PQ Process,1/4/2008,21-Jan-08,4-Jan-08,4-Jan-08,ARV,Pediatric,"JSI R&T INSTITUTE, INC.","Efavirenz 200mg [Stocrin/Sustiva], capsule, 90 Caps",Efavirenz,Stocrin/Sustiva,200mg,Capsule,90,100,3297.0,32.97,0.37,"MSD Midrand, J'burg, SA",No,Weight Captured Separately,Freight Included in Commodity Cost,5.28
11042,114-UG-T01,Pre-PQ Process,SO-26151,DN-1224,Uganda,PMO - US,From RDC,N/A - From RDC,Air,Pre-PQ Process,N/A - From RDC,22-May-09,22-May-09,22-May-09,ARV,Adult,SCMS from RDC,"Lamivudine 150mg, tablets, 60 Tabs",Lamivudine,Generic,150mg,Tablet,60,90,219.6,2.44,0.04,"Aurobindo Unit III, India",Yes,5,537.32,0.43
82702,113-ZW-T30,FPQ-13508,SO-47540,DN-3825,Zimbabwe,PMO - US,From RDC,N/A - From RDC,Truck,12/24/2013,N/A - From RDC,30-Sep-14,29-Jun-14,4-Aug-14,ARV,Adult,SCMS from RDC,"Nevirapine 200mg, tablets, 60 Tabs",Nevirapine,Generic,200mg,Tablet,60,100000,218000.0,2.18,0.04,"Micro labs, Verna, Goa, India",Yes,64918,43218.07,224.1
85127,151-NG-T30,FPQ-5689,SO-37030,DN-1926,Nigeria,PMO - US,From RDC,N/A - From RDC,Air,5/27/2010,N/A - From RDC,15-Jul-10,28-Jun-10,28-Jun-10,ARV,Adult,SCMS from RDC,"Lamivudine/Nevirapine/Zidovudine 150/200/300mg, tablets, 60 Tabs",Lamivudine/Nevirapine/Zidovudine,Generic,150/300/200mg,Tablet - FDC,60,34379,385732.38,11.22,0.19,"Aurobindo Unit III, India",Yes,4013,Freight Included in Commodity Cost,831.64
84699,101-CD-T30,FPQ-8840,SO-41136,DN-2498,"Congo, DRC",PMO - US,From RDC,N/A - From RDC,Air,11/21/2011,N/A - From RDC,16-Mar-12,14-Feb-12,14-Feb-12,ARV,Adult,SCMS from RDC,"Lamivudine/Zidovudine 150/300mg, tablets, 60 Tabs",Lamivudine/Zidovudine,Generic,150/300mg,Tablet - FDC,60,45,371.7,8.26,0.14,"Aurobindo Unit III, India",No,See DN-2498 (ID#:83002),See DN-2498 (ID#:83002),0.52
83713,109-TZ-T30,FPQ-12587,SO-45991,DN-3304,Tanzania,PMO - US,From RDC,N/A - From RDC,Truck,7/4/2013,N/A - From RDC,20-Nov-13,9-Sep-13,9-Sep-13,ARV,Adult,SCMS from RDC,"Abacavir 300mg, tablets, 60 Tabs",Abacavir,Generic,300mg,Tablet,60,2788,31950.48,11.46,0.19,"Aurobindo Unit III, India",Yes,285,1883,39.52
66585,133-NG-T30,FPQ-12456,SCMS-196560,ASN-21220,Nigeria,PMO - US,Direct Drop,EXW,Air,6/10/2013,7/10/2013,18-Sep-13,24-Sep-13,24-Sep-13,HRDT,HIV test,"Orgenics, Ltd","HIV 1/2, Determine Complete HIV Kit, 100 Tests","HIV 1/2, Determine Complete HIV Kit",Determine,,Test kit,100,3056,271984.0,89.0,0.89,"Alere Medical Co., Ltd.",Yes,1248,13325.5,336.44
83186,111-MZ-T30,FPQ-12416,SO-45893,DN-3428,Mozambique,PMO - US,From RDC,N/A - From RDC,Truck,6/28/2013,N/A - From RDC,29-Nov-13,30-Jan-14,17-Feb-14,ARV,Adult,SCMS from RDC,"Abacavir 300mg, tablets, 60 Tabs",Abacavir,Generic,300mg,Tablet,60,1440,16502.4,11.46,0.19,"Aurobindo Unit III, India",Yes,4395,5816.47,20.41
12822,112-NG-T01,Pre-PQ Process,SO-2729,DN-1008,Nigeria,PMO - US,From RDC,N/A - From RDC,Air,Pre-PQ Process,N/A - From RDC,17-Nov-08,17-Nov-08,17-Nov-08,ARV,Adult,SCMS from RDC,"Ritonavir 100mg [Norvir], capsules, cool, 4 x 84 Caps",Ritonavir,Norvir,100mg,Capsule,336,2,76.72,38.36,0.11,ABBVIE (Abbott) France,No,See DN-1008 (ID#:11570),See DN-1008 (ID#:11570),0.15
12538,111-MZ-T01,Pre-PQ Process,SO-2424,DN-850,Mozambique,PMO - US,From RDC,N/A - From RDC,Air,Pre-PQ Process,N/A - From RDC,5-Sep-08,5-Sep-08,5-Sep-08,ARV,Adult,SCMS from RDC,"Lamivudine/Nevirapine/Zidovudine 150/200/300mg, tablets, 60 Tabs",Lamivudine/Nevirapine/Zidovudine,Generic,150/300/200mg,Tablet - FDC,60,16990,229365.0,13.5,0.22,"Aurobindo Unit III, India",No,See DN-850 (ID#:10733),See DN-850 (ID#:10733),366.98
39575,116-ZA-T30,FPQ-4359,SCMS-54980,ASN-5373,South Africa,PMO - US,Direct Drop,DDP,Truck,10/8/2009,10/15/2009,19-Oct-09,19-Oct-09,19-Oct-09,ARV,Adult,S. BUYS WHOLESALER,"Efavirenz 600mg, tablets, 30 Tabs",Efavirenz,Generic,600mg,Tablet,30,600,11761.67,19.6,0.65,"Cipla, Goa, India",No,Weight Captured Separately,Freight Included in Commodity Cost,23.05
1802,116-ZA-T01,Pre-PQ Process,SCMS-23500,ASN-2296,South Africa,PMO - US,Direct Drop,DDP,Truck,Pre-PQ Process,Date Not Captured,20-Aug-08,21-May-08,21-May-08,ARV,Adult,S. BUYS WHOLESALER,"Lamivudine 150mg [Epivir], tablets, 60 Tabs",Lamivudine,Epivir,150mg,Tablet,60,2000,11060.0,5.53,0.09,GSK Cape Town Factory (South Africa),Yes,Weight Captured Separately,Freight Included in Commodity Cost,17.7
11887,114-UG-T01,Pre-PQ Process,SO-2674,DN-797,Uganda,PMO - US,From RDC,N/A - From RDC,Air,Pre-PQ Process,N/A - From RDC,11-Jul-08,11-Jul-08,11-Jul-08,ARV,Adult,SCMS from RDC,"Zidovudine 300mg, tablets, 60 Tabs",Zidovudine,Generic,300mg,Tablet,60,46,368.0,8.0,0.13,"Aurobindo Unit III, India",No,See DN-797 (ID#:10966),See DN-797 (ID#:10966),0.59
12010,104-CI-T01,Pre-PQ Process,SO-33230,DN-1427,Côte d'Ivoire,PMO - US,From RDC,N/A - From RDC,Air,Date Not Captured,N/A - From RDC,25-Sep-09,25-Sep-09,25-Sep-09,ARV,Adult,SCMS from RDC,"Emtricitabine/Tenofovir Disoproxil Fumarate 200/300mg [Truvada], tablets, 30 Tabs",Emtricitabine/Tenofovir Disoproxil Fumarate,Truvada,300/200mg,Tablet - FDC,30,998,26197.5,26.25,0.88,"Aspen-OSD, Port Elizabeth, SA",No,See DN-1427 (ID#:11683),See DN-1427 (ID#:11683),51.35
84333,111-MZ-T30,FPQ-12416,SO-45898,DN-3537,Mozambique,PMO - US,From RDC,N/A - From RDC,Truck,6/28/2013,N/A - From RDC,28-Feb-14,19-Feb-14,19-Mar-14,ARV,Adult,SCMS from RDC,"Lamivudine/Nevirapine/Zidovudine 150/200/300mg, tablets, 60 Tabs",Lamivudine/Nevirapine/Zidovudine,Generic,150/300/200mg,Tablet - FDC,60,164250,1409265.0,8.58,0.14,"Strides, Bangalore, India.",Yes,19164,14509.09,1743.26
77413,110-ZM-T30,FPQ-14151,SCMS-239790,ASN-26472,Zambia,PMO - US,Direct Drop,EXW,Air,4/30/2014,5/21/2014,20-Jul-14,20-Jul-14,1-Aug-14,ARV,Adult,Aurobindo Pharma Limited,"Nevirapine 200mg, tablets, 60 Tabs",Nevirapine,Generic,200mg,Tablet,60,34165,76871.25,2.25,0.04,"Aurobindo Unit III, India",Yes,3503,19461.76,79.02
84456,103-ZW-T30,FPQ-13967,SO-48420,DN-4159,Zimbabwe,PMO - US,From RDC,N/A - From RDC,Truck,4/2/2014,N/A - From RDC,31-Mar-15,17-Mar-15,19-Mar-15,ARV,Pediatric,SCMS from RDC,"Abacavir/Lamivudine 60/30mg, tablets, 60 Tabs",Abacavir/Lamivudine,Generic,60/30mg,Tablet - FDC,60,6180,24411.0,3.95,0.07,"Aurobindo Unit III, India",No,See DN-4159 (ID#:83316),See DN-4159 (ID#:83316),25.09
6400,116-ZA-T01,Pre-PQ Process,SCMS-41050,ASN-3635,South Africa,PMO - US,Direct Drop,DDP,Air,Pre-PQ Process,Date Not Captured,21-Apr-09,5-Dec-08,5-Dec-08,ARV,Pediatric,S. BUYS WHOLESALER,"Zidovudine 10mg/ml, oral solution, Bottle, 240 ml",Zidovudine,Generic,10mg/ml,Oral solution,240,23,83.72,3.64,0.02,"Aurobindo Unit III, India",No,See ASN-3635 (ID#:3745),See ASN-3635 (ID#:3745),0.16
14431,107-RW-T30,FPQ-8399,SCMS-126230,ASN-15270,Rwanda,PMO - US,Direct Drop,FCA,Air,10/19/2011,11/2/2011,5-Jul-12,5-Jul-12,5-Jul-12,ARV,Adult,Hoffmann-La Roche ltd Basel,"Nelfinavir (as mesilate) 250mg [Viracept], tablets, 270 Tabs",Nelfinavir (as mesilate),Viracept,250mg,Tablet,270,109,17410.04,159.73,0.59,Roche Madrid,Yes,27,2205.25,28.73
68647,116-ZA-T30,FPQ-15950,SCMS-277984,ASN-33454,South Africa,PMO - US,Direct Drop,DDP,Truck,2/20/2015,2/24/2015,23-Jul-15,23-Jul-15,23-Jul-15,ARV,Pediatric,PHARMACY DIRECT,"Ritonavir 80mg/ml [Norvir], oral solution, cool, Bottle, 90 ml",Ritonavir,Norvir,80mg/ml,Oral solution,90,3,14.91,4.97,0.06,ABBVIE (Abbott) France,Yes,Weight Captured Separately,Freight Included in Commodity Cost,0.02
85638,114-UG-T30,FPQ-4470,SO-34010,DN-1548,Uganda,PMO - US,From RDC,N/A - From RDC,Air,8/17/2009,N/A - From RDC,30-Nov-09,2-Dec-09,2-Dec-09,ARV,Adult,SCMS from RDC,"Lamivudine/Zidovudine 150/300mg, tablets, 60 Tabs",Lamivudine/Zidovudine,Generic,150/300mg,Tablet - FDC,60,3360,29433.6,8.76,0.15,"Aurobindo Unit III, India",No,See DN-1548 (ID#:85076),See DN-1548 (ID#:85076),57.69
11521,100-ZW-T01,Pre-PQ Process,SO-708,DN-479,Zimbabwe,PMO - US,From RDC,N/A - From RDC,Air,Pre-PQ Process,N/A - From RDC,5-Feb-08,5-Feb-08,5-Feb-08,ARV,Adult,SCMS from RDC,"Lamivudine/Nevirapine/Stavudine 150/200/30mg, tablets, 60 Tabs",Lamivudine/Nevirapine/Stavudine,Generic,150/200/30mg,Tablet - FDC,60,37240,275576.0,7.4,0.12,"Cipla, Goa, India",No,See DN-479 (ID#:10647),See DN-479 (ID#:10647),440.92
86438,101-CD-T30,FPQ-8840,SO-41131,DN-2493,"Congo, DRC",PMO - US,From RDC,N/A - From RDC,Air,11/21/2011,N/A - From RDC,16-Mar-12,14-Feb-12,14-Feb-12,ARV,Adult,SCMS from RDC,"Efavirenz 600mg, tablets, 30 Tabs",Efavirenz,Generic,600mg,Tablet,30,42,173.04,4.12,0.14,"Strides, Bangalore, India.",No,See DN-2493 (ID#:82432),See DN-2493 (ID#:82432),0.24
16504,161-ZA-T30,FPQ-7175,SCMS-104100,ASN-13291,South Africa,PMO - US,Direct Drop,DDP,Ocean,3/10/2011,3/28/2011,12-Jan-12,27-Jan-12,27-Jan-12,ARV,Adult,CIPLA LIMITED,"Nevirapine 200mg, tablets, 60 Tabs",Nevirapine,Generic,200mg,Tablet,60,37870,103006.4,2.72,0.05,"Cipla, Goa, India",Yes,4121,4957.81,169.96
85346,102-ZW-T30,FPQ-10674,SO-43230,DN-3092,Zimbabwe,PMO - US,From RDC,N/A - From RDC,Truck,9/18/2012,N/A - From RDC,30-Mar-13,8-Apr-13,8-Apr-13,ARV,Adult,SCMS from RDC,"Lamivudine/Nevirapine/Zidovudine 150/200/300mg, tablets, 60 Tabs",Lamivudine/Nevirapine/Zidovudine,Generic,150/300/200mg,Tablet - FDC,60,73271,628665.18,8.58,0.14,Hetero Unit III Hyderabad IN,No,See DN-3092 (ID#:83128),See DN-3092 (ID#:83128),881.39
10810,107-RW-T01,Pre-PQ Process,SO-290,DN-9,Rwanda,PMO - US,From RDC,N/A - From RDC,Air,Pre-PQ Process,N/A - From RDC,5-Feb-07,5-Feb-07,5-Feb-07,ARV,Adult,SCMS from RDC,"Nelfinavir (as mesilate) 250mg [Viracept], tablets, 270 Tabs",Nelfinavir (as mesilate),Viracept,250mg,Tablet,270,400,38920.0,97.3,0.36,Roche Madrid,Yes,108,23000.34,
83792,104-CI-T30,FPQ-13142,SO-47153,DN-3694,Côte d'Ivoire,PMO - US,From RDC,N/A - From RDC,Truck,10/22/2013,N/A - From RDC,30-May-14,17-May-14,30-Jun-14,ARV,Adult,SCMS from RDC,"Lopinavir/Ritonavir 200/50mg [Aluvia], tablets, 120 Tabs",Lopinavir/Ritonavir,Aluvia,200/50mg,Tablet,120,33171,626931.9,18.9,0.16,ABBVIE Ludwigshafen Germany,Yes,7355,28647.52,644.49
84122,109-TZ-T30,FPQ-8297,SO-40620,DN-2443,Tanzania,PMO - US,From RDC,N/A - From RDC,Truck,8/22/2011,N/A - From RDC,10-Jan-12,22-Dec-11,22-Dec-11,ARV,Adult,SCMS from RDC,"Emtricitabine/Tenofovir Disoproxil Fumarate 200/300mg, tablets, 30 Tabs",Emtricitabine/Tenofovir Disoproxil Fumarate,Generic,200/300mg,Tablet - FDC,30,23940,214741.8,8.97,0.3,"Aurobindo Unit III, India",Yes,Weight Captured Separately,Invoiced Separately,354.32
58808,108-VN-T30,FPQ-9001,SCMS-131640,ASN-14546,Vietnam,PMO - US,Direct Drop,EXW,Air,12/15/2011,1/18/2012,14-May-12,14-May-12,14-May-12,ARV,Pediatric,Aurobindo Pharma Limited,"Efavirenz 50mg, capsule, 30 Caps",Efavirenz,Generic,50mg,Capsule,30,435,974.4,2.24,0.07,"Aurobindo Unit III, India",Yes,25,1003.65,1.37
84584,104-CI-T30,FPQ-5201,SO-36311,DN-1982,Côte d'Ivoire,PMO - US,From RDC,N/A - From RDC,Air,3/3/2010,N/A - From RDC,23-Aug-10,23-Aug-10,23-Aug-10,ARV,Pediatric,SCMS from RDC,"Stavudine 1mg/ml, powder for oral solution, 200 ml",Stavudine,Generic,1mg/ml,Oral solution,200,2400,3240.0,1.35,0.01,"Aurobindo Unit III, India",No,See DN-1982 (ID#:82910),See DN-1982 (ID#:82910),6.99
81450,108-VN-T30,FPQ-10811,SCMS-164680,ASN-18664,Vietnam,PMO - US,Direct Drop,EXW,Air,10/15/2012,11/7/2012,2-Apr-13,2-Apr-13,2-Apr-13,ARV,Adult,HETERO LABS LIMITED,"Abacavir 300mg, tablets, 60 Tabs",Abacavir,Generic,300mg,Tablet,60,293,3779.7,12.9,0.22,Hetero Unit III Hyderabad IN,No,See ASN-18664 (ID#:19406),See ASN-18664 (ID#:19406),4.68
10658,112-NG-T01,Pre-PQ Process,SO-1570,DN-535,Nigeria,PMO - US,From RDC,N/A - From RDC,Air,Pre-PQ Process,N/A - From RDC,9-Jan-08,9-Jan-08,9-Jan-08,ARV,Adult,SCMS from RDC,"Lamivudine/Zidovudine 150/300mg, tablets, 60 Tabs",Lamivudine/Zidovudine,Generic,150/300mg,Tablet - FDC,60,367,3486.5,9.5,0.16,"Aurobindo Unit III, India",Yes,447,2230,5.58
12477,112-NG-T01,Pre-PQ Process,SO-2351,DN-717,Nigeria,PMO - US,From RDC,N/A - From RDC,Air,Pre-PQ Process,N/A - From RDC,18-Apr-08,18-Apr-08,18-Apr-08,ARV,Adult,SCMS from RDC,"Stavudine 30mg, capsules, 60 Caps",Stavudine,Generic,30mg,Capsule,60,1521,2311.92,1.52,0.03,"Aurobindo Unit III, India",No,See DN-717 (ID#:11858),See DN-717 (ID#:11858),3.7
67011,113-ZW-T30,FPQ-13939,SCMS-240570,ASN-27581,Zimbabwe,PMO - US,Direct Drop,EXW,Air Charter,4/1/2014,5/27/2014,17-Sep-14,17-Sep-14,19-Sep-14,ARV,Adult,HETERO LABS LIMITED,"Lamivudine/Tenofovir Disoproxil Fumarate 300/300mg, tablets, 30 Tabs",Lamivudine/Tenofovir Disoproxil Fumarate,Generic,300/300mg,Tablet - FDC,30,47136,217768.32,4.62,0.15,Hetero Unit III Hyderabad IN,Yes,5151,29257.65,223.87
78340,108-VN-T30,FPQ-7469,SCMS-106490,ASN-11850,Vietnam,PMO - US,Direct Drop,FCA,Air,3/31/2011,4/21/2011,23-Sep-11,23-Sep-11,23-Sep-11,ARV,Adult,ABBVIE LOGISTICS (FORMERLY ABBOTT LOGISTICS BV),"Lopinavir/Ritonavir 200/50mg [Aluvia], tablets, 120 Tabs",Lopinavir/Ritonavir,Aluvia,200/50mg,Tablet,120,1049,86227.8,82.2,0.68,ABBVIE Ludwigshafen Germany,Yes,264,5487.53,142.28
62037,108-VN-T30,FPQ-15692,SCMS-274390,ASN-32265,Vietnam,PMO - US,Direct Drop,EXW,Air,1/28/2015,2/17/2015,10-Jul-15,10-Jul-15,10-Jul-15,ARV,Adult,HETERO LABS LIMITED,"Abacavir 300mg, tablets, 60 Tabs",Abacavir,Generic,300mg,Tablet,60,1400,15330.0,10.95,0.18,Hetero Unit III Hyderabad IN,No,See ASN-32265 (ID#:56716),See ASN-32265 (ID#:56716),18.04
26617,114-UG-T30,FPQ-9365,SCMS-142240,ASN-14834,Uganda,PMO - US,Direct Drop,CIP,Air,3/15/2012,4/4/2012,21-May-12,21-May-12,21-May-12,ARV,Adult,MERCK SHARP & DOHME IDEA GMBH (FORMALLY MERCK SHARP & DOHME B.V.),"Raltegravir 400mg [Isentress], tablets, 60 Tabs",Raltegravir,Isentress,400mg,Tablet,60,189,10489.5,55.5,0.92,"MSD, Haarlem, NL",Yes,19,710,14.71
6257,108-VN-T01,Pre-PQ Process,SCMS-37160,ASN-3561,Vietnam,PMO - US,Direct Drop,EXW,Air,Pre-PQ Process,1/16/2009,7-Apr-09,7-Apr-09,7-Apr-09,ARV,Adult,Aurobindo Pharma Limited,"Stavudine 30mg, capsules, 60 Caps",Stavudine,Generic,30mg,Capsule,60,9576,13885.2,1.45,0.02,"Aurobindo Unit III, India",No,See ASN-3561 (ID#:2297),See ASN-3561 (ID#:2297),27.21
84215,101-CD-T30,FPQ-11054,SO-43680,DN-2981,"Congo, DRC",PMO - US,From RDC,N/A - From RDC,Air,11/16/2012,N/A - From RDC,11-Sep-13,11-Sep-13,11-Sep-13,ARV,Adult,SCMS from RDC,"Lamivudine 150mg, tablets, 60 Tabs",Lamivudine,Generic,150mg,Tablet,60,123,244.77,1.99,0.03,Hetero Unit III Hyderabad IN,No,See DN-2981 (ID#:82538),See DN-2981 (ID#:82538),0.3
72557,114-UG-T30,FPQ-12154,SCMS-188330,ASN-20241,Uganda,PMO - US,Direct Drop,EXW,Air,4/23/2013,5/9/2013,11-Jul-13,15-Jul-13,15-Jul-13,HRDT,HIV test,"Orgenics, Ltd","HIV 1/2, Determine Complete HIV Kit, 100 Tests","HIV 1/2, Determine Complete HIV Kit",Determine,,Test kit,100,3032,242560.0,80.0,0.8,"Alere Medical Co., Ltd.",Yes,1317,47892.57,300.05
57513,102-AO-T30,FPQ-6434,SCMS-91620,ASN-9640,Angola,PMO - US,Direct Drop,EXW,Air,10/28/2010,11/10/2010,14-Apr-11,14-Apr-11,14-Apr-11,HRDT,HIV test,"Trinity Biotech, Plc","HIV 1/2, Uni-Gold HIV Kit, 20 Tests","HIV 1/2, Uni-Gold HIV Kit",Uni-Gold,,Test kit,20,500,16000.0,32.0,1.6,"Trinity Biotech, Plc",Yes,260,9597.9,34.5
32398,116-ZA-T30,FPQ-12522,SCMS-199280,ASN-24433,South Africa,PMO - US,Direct Drop,DDP,Truck,7/11/2013,8/13/2013,7-Feb-14,7-Feb-14,7-Feb-14,ARV,Adult,S. BUYS WHOLESALER,"Tenofovir Disoproxil Fumarate 300mg, tablets, 30 Tabs",Tenofovir Disoproxil Fumarate,Generic,300mg,Tablet,30,306,6369.4,20.82,0.69,Hetero Unit III Hyderabad IN,Yes,Weight Captured Separately,Freight Included in Commodity Cost,7.88
38045,106-HT-T30,FPQ-14895,SCMS-258590,ASN-29615,Haiti,PMO - US,Direct Drop,EXW,Air,9/24/2014,11/14/2014,5-Jan-15,5-Jan-15,5-Jan-15,ARV,Pediatric,Aurobindo Pharma Limited,"Nevirapine 50mg, dispersible tablets (tablets for oral suspension), 30 Tabs",Nevirapine,Generic,50mg,Chewable/dispersible tablet,30,2118,2647.5,1.25,0.04,"Aurobindo Unit III, India",Yes,134,1987.82,2.72
82519,900-CM-T30,FPQ-10641,SO-43390,DN-2886,Cameroon,PMO - US,From RDC,N/A - From RDC,Air Charter,9/19/2012,N/A - From RDC,24-Oct-12,17-Oct-12,17-Oct-12,ARV,Adult,SCMS from RDC,"Lamivudine/Nevirapine/Zidovudine 150/200/300mg, tablets, 60 Tabs",Lamivudine/Nevirapine/Zidovudine,Generic,150/300/200mg,Tablet - FDC,60,152000,1462240.0,9.62,0.16,Mylan (formerly Matrix) Nashik,Yes,43571,67732.54,2050.06
12742,106-HT-T01,Pre-PQ Process,SO-1286,DN-458,Haiti,PMO - US,From RDC,N/A - From RDC,Air,Pre-PQ Process,N/A - From RDC,5-Dec-07,5-Dec-07,5-Dec-07,ARV,Pediatric,SCMS from RDC,"Zidovudine 100mg, capsules, 100 Caps",Zidovudine,Generic,100mg,Capsule,100,480,2635.2,5.49,0.05,"Aurobindo Unit III, India",No,See DN-458 (ID#:11814),See DN-458 (ID#:11814),4.22
54304,111-MZ-T30,FPQ-10606,SCMS-162150,ASN-16937,Mozambique,PMO - US,Direct Drop,EXW,Air,9/12/2012,10/10/2012,24-Dec-12,24-Dec-12,24-Dec-12,HRDT,HIV test,"Trinity Biotech, Plc","HIV 1/2, Uni-Gold HIV Kit, 20 Tests","HIV 1/2, Uni-Gold HIV Kit",Uni-Gold,,Test kit,20,23,736.0,32.0,1.6,"Trinity Biotech, Plc",Yes,8,558.46,1.03
2922,116-ZA-T01,Pre-PQ Process,SCMS-14050,ASN-1251,South Africa,PMO - US,Direct Drop,DDP,,Pre-PQ Process,11/12/2007,29-Jan-08,29-Jan-08,29-Jan-08,ARV,Adult,"JSI R&T INSTITUTE, INC.","Tenofovir Disoproxil Fumarate 300mg [Viread], tablets, 30 Tabs",Tenofovir Disoproxil Fumarate,Viread,300mg,Tablet,30,20,535.2,26.76,0.89,"Aspen-OSD, Port Elizabeth, SA",No,Weight Captured Separately,Freight Included in Commodity Cost,0.86
86399,151-NG-T30,FPQ-7217,SO-39161,DN-2305,Nigeria,PMO - US,From RDC,N/A - From RDC,Air,2/21/2011,N/A - From RDC,31-Aug-11,3-Aug-11,3-Aug-11,ARV,Adult,SCMS from RDC,"Lamivudine/Nevirapine/Stavudine 150/200/30mg, tablets, 60 Tabs",Lamivudine/Nevirapine/Stavudine,Generic,150/200/30mg,Tablet - FDC,60,2000,11120.0,5.56,0.09,"Cipla, Goa, India",Yes,209,2136.53,18.35
86436,101-CD-T30,FPQ-8840,SO-41130,DN-2492,"Congo, DRC",PMO - US,From RDC,N/A - From RDC,Air,11/21/2011,N/A - From RDC,16-Mar-12,14-Feb-12,14-Feb-12,ARV,Adult,SCMS from RDC,"Lamivudine/Nevirapine/Zidovudine 150/200/300mg, tablets, 60 Tabs",Lamivudine/Nevirapine/Zidovudine,Generic,150/300/200mg,Tablet - FDC,60,89,979.0,11.0,0.18,Mylan (formerly Matrix) Nashik,No,See DN-2492 (ID#:82999),See DN-2492 (ID#:82999),1.37
84663,111-MZ-T30,FPQ-7053,SO-38634,DN-2303,Mozambique,PMO - US,From RDC,N/A - From RDC,Truck,1/24/2011,N/A - From RDC,30-Sep-11,15-Sep-11,15-Sep-11,ARV,Adult,SCMS from RDC,"Nevirapine 200mg, tablets, 60 Tabs",Nevirapine,Generic,200mg,Tablet,60,1890,4876.2,2.58,0.04,"Aurobindo Unit VII, IN",Yes,183,112.87,8.05
10823,107-RW-T01,Pre-PQ Process,SO-481,DN-100,Rwanda,PMO - US,From RDC,N/A - From RDC,Air,Pre-PQ Process,N/A - From RDC,14-May-07,14-May-07,14-May-07,ARV,Pediatric,SCMS from RDC,"Abacavir 20mg/ml, oral solution, Bottle, 240 ml",Abacavir,Generic,20mg/ml,Oral solution,240,90,1935.0,21.5,0.09,"Aurobindo Unit III, India",Yes,120,11609.31,
24970,116-ZA-T30,FPQ-12522,SCMS-199289,ASN-28034,South Africa,PMO - US,Direct Drop,DDP,Truck,7/11/2013,8/29/2014,29-Aug-14,29-Aug-14,29-Aug-14,ARV,Adult,S. BUYS WHOLESALER,"Efavirenz 600mg, tablets, 30 Tabs",Efavirenz,Generic,600mg,Tablet,30,915,15162.72,16.57,0.55,Hetero Unit III Hyderabad IN,No,Weight Captured Separately,Freight Included in Commodity Cost,18.76
83518,113-ZW-T30,FPQ-6470,SO-37844,DN-2301,Zimbabwe,PMO - US,From RDC,N/A - From RDC,Truck,10/13/2010,N/A - From RDC,5-Sep-11,5-Sep-11,5-Sep-11,ARV,Adult,SCMS from RDC,"Nevirapine 200mg, tablets, 60 Tabs",Nevirapine,Generic,200mg,Tablet,60,9073,22773.23,2.51,0.04,Hetero Unit III Hyderabad IN,Yes,487,2091.17,49.1
70210,108-VN-T30,FPQ-6384,SCMS-87750,ASN-9090,Vietnam,PMO - US,Direct Drop,EXW,Air,9/30/2010,10/14/2010,21-Dec-10,21-Dec-10,21-Dec-10,ARV,Adult,MYLAN LABORATORIES LTD (FORMERLY MATRIX LABORATORIES),"Tenofovir Disoproxil Fumarate 300mg, tablets, 30 Tabs",Tenofovir Disoproxil Fumarate,Generic,300mg,Tablet,30,5208,35154.0,6.75,0.22,Mylan (formerly Matrix) Nashik,No,See ASN-9090 (ID#:29979),See ASN-9090 (ID#:29979),75.79
38318,114-UG-T30,FPQ-10788,SCMS-162720,ASN-18773,Uganda,PMO - US,Direct Drop,CIP,Air,10/10/2012,10/25/2012,11-Apr-13,11-Apr-13,11-Apr-13,ARV,Adult,MERCK SHARP & DOHME IDEA GMBH (FORMALLY MERCK SHARP & DOHME B.V.),"Raltegravir 400mg [Isentress], tablets, 60 Tabs",Raltegravir,Isentress,400mg,Tablet,60,786,43623.0,55.5,0.92,"MSD, Haarlem, NL",Yes,79,2158.88,53.96
77651,108-VN-T30,FPQ-4098,SCMS-51750,ASN-5059,Vietnam,PMO - US,Direct Drop,EXW,Air,8/12/2009,8/14/2009,27-Oct-09,27-Oct-09,27-Oct-09,ARV,Adult,CIPLA LIMITED,"Lamivudine/Nevirapine/Stavudine 150/200/30mg, tablets, 60 Tabs",Lamivudine/Nevirapine/Stavudine,Generic,150/200/30mg,Tablet - FDC,60,23040,146995.2,6.38,0.11,"Cipla, Goa, India",Yes,9,4620.03,288.11
86497,151-NG-T30,FPQ-9432,SO-42802,DN-2767,Nigeria,PMO - US,From RDC,N/A - From RDC,Air Charter,3/1/2012,N/A - From RDC,2-Aug-12,24-Jul-12,24-Jul-12,ARV,Adult,SCMS from RDC,"Lamivudine/Nevirapine/Zidovudine 150/200/300mg, tablets, 60 Tabs",Lamivudine/Nevirapine/Zidovudine,Generic,150/300/200mg,Tablet - FDC,60,120036,1177553.16,9.81,0.16,Mylan (formerly Matrix) Nashik,No,See DN-2767 (ID#:83060),See DN-2767 (ID#:83060),1650.93
85927,114-UG-T30,FPQ-11143,SO-43930,DN-2986,Uganda,PMO - US,From RDC,N/A - From RDC,Air,12/13/2012,N/A - From RDC,22-Feb-13,25-Feb-13,25-Feb-13,ARV,Pediatric,SCMS from RDC,"Lamivudine/Zidovudine 30/60mg, tablets, 60 Tabs",Lamivudine/Zidovudine,Generic,30/60mg,Tablet - FDC,60,2512,5677.12,2.26,0.04,"Aurobindo Unit III, India",Yes,177,3255.61,7.02
84204,111-MZ-T30,FPQ-10210,SO-42850,DN-2928,Mozambique,PMO - US,From RDC,N/A - From RDC,Truck,6/28/2012,N/A - From RDC,11-Jan-13,11-Jan-13,11-Jan-13,ARV,Adult,SCMS from RDC,"Lamivudine/Zidovudine 150/300mg, tablets, 60 Tabs",Lamivudine/Zidovudine,Generic,150/300mg,Tablet - FDC,60,43632,336839.04,7.72,0.13,Hetero Unit III Hyderabad IN,No,See DN-2928 (ID#:83637),See DN-2928 (ID#:83637),472.25
83519,110-ZM-T30,FPQ-7085,SO-38720,DN-2299,Zambia,PMO - US,From RDC,N/A - From RDC,Truck,2/3/2011,N/A - From RDC,1-Sep-11,15-Aug-11,15-Aug-11,ARV,Adult,SCMS from RDC,"Efavirenz/Emtricitabine/Tenofovir Disoproxil Fumarate 600/200/300mg, tablets, 30 Tabs",Efavirenz/Emtricitabine/Tenofovir Disoproxil Fumarate,Generic,600/200/300mg,Tablet - FDC,30,60000,1195200.0,19.92,0.66,Mylan (formerly Matrix) Nashik,No,See DN-2299 (ID#:82966),See DN-2299 (ID#:82966),1972.08
61105,111-MZ-T30,FPQ-15221,SCMS-270130,ASN-31861,Mozambique,PMO - US,Direct Drop,CIP,Air,10/28/2014,12/19/2014,6-May-15,6-May-15,16-Jul-15,ARV,Adult,JANSSEN SCIENCES IRELAND UC (FORMERLY JANSSEN R&D IRELAND),"Darunavir 600mg [Prezista], tablets, 60 Tabs",Darunavir,Prezista,600mg,Tablet,60,100,5400.0,54.0,0.9,"Janssen-Cilag, Latina, IT",Yes,Weight Captured Separately,Freight Included in Commodity Cost,6.36
81405,105-GH-T30,FPQ-13809,SCMS-234030,ASN-26372,Ghana,PMO - US,Direct Drop,EXW,Air,3/7/2014,5/9/2014,12-Jun-14,12-Jun-14,12-Jun-14,ARV,Pediatric,Aurobindo Pharma Limited,"Efavirenz 50mg, capsule, 30 Caps",Efavirenz,Generic,50mg,Capsule,30,14802,23091.12,1.56,0.05,"Aurobindo Unit III, India",Yes,951,7326.62,23.74
19346,116-ZA-T30,FPQ-13973,SCMS-238553,ASN-28021,South Africa,PMO - US,Direct Drop,DDP,Truck,4/30/2014,8/28/2014,28-Aug-14,28-Aug-14,28-Aug-14,ARV,Adult,PHARMACY DIRECT,"Emtricitabine/Tenofovir Disoproxil Fumarate 200/300mg, tablets, 30 Tabs",Emtricitabine/Tenofovir Disoproxil Fumarate,Generic,200/300mg,Tablet - FDC,30,11,332.32,30.21,1.01,"Aurobindo Unit III, India",No,Weight Captured Separately,Freight Included in Commodity Cost,0.34
49063,133-NG-T30,FPQ-12456,SCMS-196561,ASN-22342,Nigeria,PMO - US,Direct Drop,EXW,Air,6/10/2013,7/10/2013,7-Nov-13,5-Nov-13,17-Nov-13,HRDT,HIV test,"Orgenics, Ltd","HIV 1/2, Determine Complete HIV Kit, 100 Tests","HIV 1/2, Determine Complete HIV Kit",Determine,,Test kit,100,3073,273497.0,89.0,0.89,"Alere Medical Co., Ltd.",Yes,1248,20602.3,338.32
54635,104-CI-T30,FPQ-8366,SCMS-124290,ASN-13788,Côte d'Ivoire,PMO - US,Direct Drop,EXW,Air,9/5/2011,10/10/2011,9-Mar-12,9-Mar-12,9-Mar-12,ARV,Adult,MYLAN LABORATORIES LTD (FORMERLY MATRIX LABORATORIES),"Abacavir/Lamivudine/Zidovudine 300/150/300mg, tablets, 60 Tabs",Abacavir/Lamivudine/Zidovudine,Generic,300/150/300mg,Tablet - FDC,60,2080,58240.0,28.0,0.47,Mylan (formerly Matrix) Nashik,Yes,316,3095.28,96.1
12296,114-UG-T01,Pre-PQ Process,SO-26170,DN-1293,Uganda,PMO - US,From RDC,N/A - From RDC,Air,Pre-PQ Process,N/A - From RDC,29-Jun-09,29-Jun-09,29-Jun-09,ARV,Adult,SCMS from RDC,"Lamivudine/Nevirapine/Zidovudine 150/200/300mg, tablets, 60 Tabs",Lamivudine/Nevirapine/Zidovudine,Generic,150/300/200mg,Tablet - FDC,60,10372,119900.32,11.56,0.19,Mylan (formerly Matrix) Nashik,Yes,1312,14569.14,235.0
22191,112-NG-T30,FPQ-3635,SCMS-48420,ASN-4850,Nigeria,PMO - US,Direct Drop,CIP,Air,5/8/2009,8/5/2009,23-Sep-09,23-Sep-09,23-Sep-09,HRDT,HIV test,BIO-RAD LABORATORIES PTY LTD. (SOUTH AFRICA),"HIV 2, New LAV Blot 2 HIV Kit, 18 Tests","HIV 2, New LAV Blot 2 HIV Kit",LAV,,Test kit,18,1,750.29,750.29,41.68,Bio-Rad Laboratories,Yes,18,Freight Included in Commodity Cost,1.47
54064,116-ZA-T30,FPQ-13035,SCMS-215370,ASN-24415,South Africa,PMO - US,Direct Drop,DDP,Truck,10/8/2013,12/2/2013,6-Feb-14,6-Feb-14,6-Feb-14,ARV,Adult,S. BUYS WHOLESALER,"Abacavir 300mg, tablets, 60 Tabs",Abacavir,Generic,300mg,Tablet,60,94,6070.54,64.58,1.08,"Aurobindo Unit III, India",No,Weight Captured Separately,Freight Included in Commodity Cost,7.51
32938,116-ZA-T30,FPQ-14942,SCMS-259079,ASN-33854,South Africa,PMO - US,Direct Drop,DDP,Truck,9/11/2014,10/9/2014,24-Aug-15,24-Aug-15,24-Aug-15,ARV,Adult,PHARMACY DIRECT,"Saquinavir 200mg [Invirase], capsules, 270 Caps",Saquinavir,Invirase,200mg,Capsule,270,1,59.67,59.67,0.22,Roche Madrid,Yes,Weight Captured Separately,Freight Included in Commodity Cost,0.06
6272,109-TZ-T01,Pre-PQ Process,SCMS-37790,ASN-3415,Tanzania,PMO - US,Direct Drop,EXW,Air,Pre-PQ Process,1/27/2009,31-Mar-09,31-Mar-09,31-Mar-09,HRDT,HIV test,"Orgenics, Ltd","HIV 1/2, Determine Complete HIV Kit, 100 Tests","HIV 1/2, Determine Complete HIV Kit",Determine,,Test kit,100,1132,81504.0,72.0,0.72,Inverness Japan,Yes,337,4323.93,159.75
58504,116-ZA-T30,FPQ-14942,SCMS-259077,ASN-33477,South Africa,PMO - US,Direct Drop,DDP,Truck,9/11/2014,10/9/2014,24-Jul-15,24-Jul-15,24-Jul-15,ARV,Adult,PHARMACY DIRECT,"Didanosine 400mg, delayed-release capsules, 30 Caps",Didanosine,Generic,400mg,Delayed-release capsules,30,5,71.09,14.22,0.47,"Aurobindo Unit III, India",No,Weight Captured Separately,Freight Included in Commodity Cost,0.07
82649,111-MZ-T30,FPQ-12421,SO-45901,DN-3526,Mozambique,PMO - US,From RDC,N/A - From RDC,Truck,6/28/2013,N/A - From RDC,10-Mar-14,20-Feb-14,19-Mar-14,ARV,Adult,SCMS from RDC,"Efavirenz/Lamivudine/Tenofovir Disoproxil Fumarate 600/300/300mg, tablets, 30 Tabs",Efavirenz/Lamivudine/Tenofovir Disoproxil Fumarate,Generic,600/300/300mg,Tablet - FDC,30,66946,727703.02,10.87,0.36,Hetero Unit III Hyderabad IN,Yes,36903,7928.11,900.17
78407,116-ZA-T30,FPQ-12522,SCMS-199283,ASN-27976,South Africa,PMO - US,Direct Drop,DDP,Truck,7/11/2013,8/27/2014,27-Aug-14,27-Aug-14,27-Aug-14,ARV,Adult,S. BUYS WHOLESALER,"Lamivudine 150mg, tablets, 60 Tabs",Lamivudine,Generic,150mg,Tablet,60,328,3230.11,9.85,0.16,Hetero Unit III Hyderabad IN,No,Weight Captured Separately,Freight Included in Commodity Cost,4.0
84812,113-ZW-T30,FPQ-11002,SO-43710,DN-3131,Zimbabwe,PMO - US,From RDC,N/A - From RDC,Truck,11/16/2012,N/A - From RDC,6-May-13,29-Apr-13,29-Apr-13,ARV,Adult,SCMS from RDC,"Lamivudine/Tenofovir Disoproxil Fumarate 300/300mg, tablets, 30 Tabs",Lamivudine/Tenofovir Disoproxil Fumarate,Generic,300/300mg,Tablet - FDC,30,100000,470000.0,4.7,0.16,Hetero Unit III Hyderabad IN,No,See DN-3131 (ID#:83136),See DN-3131 (ID#:83136),581.39
11968,106-HT-T01,Pre-PQ Process,SO-24840,DN-1221,Haiti,PMO - US,From RDC,N/A - From RDC,Air,Pre-PQ Process,N/A - From RDC,22-May-09,22-May-09,22-May-09,ARV,Pediatric,SCMS from RDC,"Lamivudine 10mg/ml, oral solution, Bottle, 240 ml",Lamivudine,Generic,10mg/ml,Oral solution,240,2345,4455.5,1.9,0.01,"Aurobindo Unit III, India",No,See DN-1221 (ID#:11636),See DN-1221 (ID#:11636),8.73
52383,104-CI-T30,FPQ-12136,SCMS-188320,ASN-23834,Côte d'Ivoire,PMO - US,Direct Drop,EXW,Air,4/18/2013,5/21/2013,31-Jan-14,31-Jan-14,3-Feb-14,HRDT,HIV test,"CHEMBIO DIAGNOSTIC SYSTEMS, INC.","HIV 1/2, Stat-Pak HIV, Kit, 20 Tests","HIV 1/2, Stat-Pak HIV, Kit",Stat-Pak,,Test kit,20,1900,55100.0,29.0,1.45,Chembio Diagnostics Sys. Inc.,Yes,763,7153.63,68.16
83660,106-HT-T30,FPQ-11526,SO-44440,DN-3044,Haiti,PMO - US,From RDC,N/A - From RDC,Air,1/30/2013,N/A - From RDC,30-Apr-13,21-Mar-13,21-Mar-13,ARV,Pediatric,SCMS from RDC,"Lamivudine/Nevirapine/Stavudine 30/50/6mg, dispersible tablets, 60 Tabs",Lamivudine/Nevirapine/Stavudine,Generic,30/50/6mg,Chewable/dispersible tablet - FDC,60,619,1423.7,2.3,0.04,"Cipla, Goa, India",No,See DN-3044 (ID#:83116),See DN-3044 (ID#:83116),1.76
85822,101-CD-T30,FPQ-8840,SO-41148,DN-2512,"Congo, DRC",PMO - US,From RDC,N/A - From RDC,Air,11/21/2011,N/A - From RDC,16-Mar-12,14-Mar-12,14-Mar-12,ARV,Adult,SCMS from RDC,"Zidovudine 300mg, tablets, 60 Tabs",Zidovudine,Generic,300mg,Tablet,60,2197,15422.94,7.02,0.12,Hetero Unit III Hyderabad IN,No,See DN-2512 (ID#:82443),See DN-2512 (ID#:82443),21.62
85102,114-UG-T30,FPQ-5239,SO-36160,DN-1761,Uganda,PMO - US,From RDC,N/A - From RDC,Air,3/2/2010,N/A - From RDC,23-Jun-10,8-Apr-10,8-Apr-10,ARV,Adult,SCMS from RDC,"Lamivudine/Stavudine 150/30mg, tablets, 60 Tabs",Lamivudine/Stavudine,Generic,150/30mg,Tablet - FDC,60,70,238.0,3.4,0.06,"Cipla, Goa, India",No,See DN-1761 (ID#:82312),See DN-1761 (ID#:82312),0.51
56310,116-ZA-T30,FPQ-13214,SCMS-215410,ASN-23875,South Africa,PMO - US,Direct Drop,DDP,Truck,11/14/2013,12/2/2013,13-Jan-14,13-Jan-14,13-Jan-14,ARV,Pediatric,S. BUYS WHOLESALER,"Lamivudine 10mg/ml, oral solution w/syringe, Bottle, 240 ml",Lamivudine,Generic,10mg/ml,Oral solution,240,4,26.78,6.7,0.03,"Aurobindo Unit III, India",No,Weight Captured Separately,Freight Included in Commodity Cost,0.03
84857,113-ZW-T30,FPQ-11545,SO-44350,DN-3337,Zimbabwe,PMO - US,From RDC,N/A - From RDC,Truck,1/24/2013,N/A - From RDC,30-Sep-13,9-Oct-13,1-Nov-13,ARV,Adult,SCMS from RDC,"Nevirapine 200mg, tablets, 60 Tabs",Nevirapine,Generic,200mg,Tablet,60,131520,303811.2,2.31,0.04,Hetero Unit III Hyderabad IN,No,See DN-3337 (ID#:84290),See DN-3337 (ID#:84290),375.81
3955,114-UG-T01,Pre-PQ Process,SCMS-157,ASN-127,Uganda,PMO - US,Direct Drop,EXW,Air,Pre-PQ Process,Date Not Captured,21-Dec-06,21-Dec-06,21-Dec-06,ARV,Adult,Aurobindo Pharma Limited,"Lamivudine/Zidovudine 150/300mg, tablets, 60 Tabs",Lamivudine/Zidovudine,Generic,150/300mg,Tablet - FDC,60,5080,55880.0,11.0,0.18,"Aurobindo Unit III, India",Yes,1172,5595.44,
85676,114-UG-T30,FPQ-5238,SO-36050,DN-1846,Uganda,PMO - US,From RDC,N/A - From RDC,Air,3/2/2010,N/A - From RDC,30-Jun-10,22-Jun-10,22-Jun-10,ARV,Adult,SCMS from RDC,"Emtricitabine/Tenofovir Disoproxil Fumarate 200/300mg, tablets, 30 Tabs",Emtricitabine/Tenofovir Disoproxil Fumarate,Generic,200/300mg,Tablet - FDC,30,6000,70500.0,11.75,0.39,Mylan (formerly Matrix) Nashik,Yes,493,7879.03,152.0
71245,108-VN-T30,FPQ-7427,SCMS-105450,ASN-11067,Vietnam,PMO - US,Direct Drop,EXW,Air,3/31/2011,4/14/2011,5-Jul-11,5-Jul-11,5-Jul-11,ARV,Adult,STRIDES ARCOLAB LIMITED,"Lamivudine 150mg, tablets, 60 Tabs",Lamivudine,Generic,150mg,Tablet,60,50000,117500.0,2.35,0.04,"Strides, Bangalore, India.",Yes,2351,10122.75,193.88
86322,151-NG-T30,FPQ-5688,SO-36910,DN-1969,Nigeria,PMO - US,From RDC,N/A - From RDC,Air Charter,5/27/2010,N/A - From RDC,31-Aug-10,17-Aug-10,17-Aug-10,ARV,Adult,SCMS from RDC,"Emtricitabine/Tenofovir Disoproxil Fumarate 200/300mg, tablets, 30 Tabs",Emtricitabine/Tenofovir Disoproxil Fumarate,Generic,200/300mg,Tablet - FDC,30,65502,769648.5,11.75,0.39,Mylan (formerly Matrix) Nashik,Yes,5896,6147.18,1659.36
84351,104-CI-T30,FPQ-12800,SO-46430,DN-3599,Côte d'Ivoire,PMO - US,From RDC,N/A - From RDC,Truck,8/9/2013,N/A - From RDC,30-Apr-14,14-Apr-14,22-May-14,ARV,Adult,SCMS from RDC,"Tenofovir Disoproxil Fumarate 300mg, tablets, 30 Tabs",Tenofovir Disoproxil Fumarate,Generic,300mg,Tablet,30,4400,17776.0,4.04,0.13,Mylan (formerly Matrix) Nashik,Yes,11043,39329.03,21.99
82691,110-ZM-T30,FPQ-13221,SO-47204,DN-3833,Zambia,PMO - US,From RDC,N/A - From RDC,Truck,10/31/2013,N/A - From RDC,29-Aug-14,4-Sep-14,6-Oct-14,ARV,Adult,SCMS from RDC,"Lamivudine/Tenofovir Disoproxil Fumarate 300/300mg, tablets, 30 Tabs",Lamivudine/Tenofovir Disoproxil Fumarate,Generic,300/300mg,Tablet - FDC,30,21529,101186.3,4.7,0.16,"Cipla, Kurkumbh, India",Yes,9530,16468.54,104.02
10779,123-NG-T01,Pre-PQ Process,SO-24481,DN-1296,Nigeria,PMO - US,From RDC,N/A - From RDC,Air Charter,Pre-PQ Process,N/A - From RDC,16-Jun-09,16-Jun-09,16-Jun-09,ARV,Adult,SCMS from RDC,"Efavirenz 600mg, tablets, 30 Tabs",Efavirenz,Generic,600mg,Tablet,30,30000,291600.0,9.72,0.32,"Aurobindo Unit III, India",Yes,3364,7329.83,571.54
78362,101-CD-T30,FPQ-11103,SCMS-170610,ASN-18066,"Congo, DRC",PMO - US,Direct Drop,FCA,Air,12/7/2012,1/3/2013,15-Mar-13,15-Mar-13,15-Mar-13,ARV,Pediatric,ABBVIE LOGISTICS (FORMERLY ABBOTT LOGISTICS BV),"Lopinavir/Ritonavir 100/25mg [Aluvia], tablets, 60 Tabs",Lopinavir/Ritonavir,Generic,100/25mg,Tablet,60,60,356.4,5.94,0.1,ABBVIE Ludwigshafen Germany,Yes,13,707.19,0.44
70508,161-ZA-T30,FPQ-5648,SCMS-75990,ASN-8902,South Africa,PMO - US,Direct Drop,DDP,Ocean,6/2/2010,6/17/2010,12-Jan-11,6-Jan-11,6-Jan-11,ARV,Adult,Aurobindo Pharma Limited,"Tenofovir Disoproxil Fumarate 300mg, tablets, 30 Tabs",Tenofovir Disoproxil Fumarate,Generic,300mg,Tablet,30,80381,555432.71,6.91,0.23,"Aurobindo Unit III, India",Yes,7503,6147.08,1197.51
78733,161-ZA-T30,FPQ-7175,SCMS-103400,ASN-12376,South Africa,PMO - US,Direct Drop,DDP,Ocean,3/10/2011,3/24/2011,22-Nov-11,22-Nov-11,22-Nov-11,ARV,Adult,Aurobindo Pharma Limited,"Zidovudine 300mg, tablets, 60 Tabs",Zidovudine,Generic,300mg,Tablet,60,9829,71751.7,7.3,0.12,"Aurobindo Unit III, India",Yes,509,3341.45,118.39
11353,151-NG-T01,Pre-PQ Process,SO-33334,DN-1438,Nigeria,PMO - US,From RDC,N/A - From RDC,Air Charter,Date Not Captured,N/A - From RDC,20-Oct-09,20-Oct-09,20-Oct-09,ARV,Adult,SCMS from RDC,"Lamivudine/Nevirapine/Zidovudine 150/200/300mg, tablets, 60 Tabs",Lamivudine/Nevirapine/Zidovudine,Generic,150/300/200mg,Tablet - FDC,60,60930,694602.0,11.4,0.19,"Aurobindo Unit III, India",Yes,6862,9341.49,1361.42
86465,113-ZW-T30,FPQ-8464,SO-40850,DN-2605,Zimbabwe,PMO - US,From RDC,N/A - From RDC,Truck,10/4/2011,N/A - From RDC,13-Apr-12,10-Apr-12,10-Apr-12,ARV,Adult,SCMS from RDC,"Lamivudine/Nevirapine/Zidovudine 150/200/300mg, tablets, 60 Tabs",Lamivudine/Nevirapine/Zidovudine,Generic,150/300/200mg,Tablet - FDC,60,11574,127314.0,11.0,0.18,"Aurobindo Unit III, India",No,See DN-2605 (ID#:82467),See DN-2605 (ID#:82467),210.07
20878,108-VN-T30,FPQ-6384,SCMS-87700,ASN-9709,Vietnam,PMO - US,Direct Drop,FCA,Air,9/30/2010,10/14/2010,24-Feb-11,24-Feb-11,24-Feb-11,ARV,Adult,ABBVIE LOGISTICS (FORMERLY ABBOTT LOGISTICS BV),"Ritonavir 100mg [Norvir], capsules, cool, 4 x 84 Caps",Ritonavir,Norvir,100mg,Capsule,336,12,2478.12,206.51,0.61,ABBVIE (Abbott) Logis. UK,Yes,51,4042.47,5.34
9530,100-HT-T01,Pre-PQ Process,SCMS-15490,ASN-4374,Haiti,PMO - US,Direct Drop,EXW,Air,Pre-PQ Process,1/8/2008,6-Jul-09,6-Jul-09,6-Jul-09,HRDT,HIV test,"Trinity Biotech, Plc","HIV 1/2, Capillus HIV Kit, 100 Tests","HIV 1/2, Capillus HIV Kit",Capillus,,Test kit,100,3,417.0,139.0,1.39,"Trinity Biotech, Plc",Yes,2,1800.33,0.82
11560,117-ET-T01,Pre-PQ Process,SO-18340,DN-1003,Ethiopia,PMO - US,From RDC,N/A - From RDC,Air,Pre-PQ Process,N/A - From RDC,11-Nov-08,11-Nov-08,11-Nov-08,ARV,Adult,SCMS from RDC,"Zidovudine 300mg, tablets, 60 Tabs",Zidovudine,Generic,300mg,Tablet,60,5000,39500.0,7.9,0.13,"Aurobindo Unit III, India",Yes,229,1774.3,77.42
10298,104-CI-T01,Pre-PQ Process,SCMS-39430,ASN-3761,Côte d'Ivoire,PMO - US,Direct Drop,EXW,Air,Pre-PQ Process,2/24/2009,14-May-09,14-May-09,14-May-09,HRDT,HIV test,"Orgenics, Ltd","HIV 1/2, Determine HIV Kit, without Lancets, 100 Tests","HIV 1/2, Determine HIV Kit, without Lancets",Determine,,Test kit,100,1500,105000.0,70.0,0.7,Inverness Japan,Yes,341,9749.73,205.8
51531,116-ZA-T30,FPQ-14942,SCMS-259072,ASN-30377,South Africa,PMO - US,Direct Drop,DDP,Truck,9/11/2014,1/26/2015,26-Jan-15,26-Jan-15,26-Jan-15,ARV,Pediatric,PHARMACY DIRECT,"Lamivudine 10mg/ml, oral solution, Bottle, 240 ml",Lamivudine,Generic,10mg/ml,Oral solution,240,11,56.85,5.17,0.02,"Aurobindo Unit III, India",No,Weight Captured Separately,Freight Included in Commodity Cost,0.06
38567,900-SS-T30,FPQ-10504,SCMS-157880,ASN-16852,South Sudan,PMO - US,Direct Drop,EXW,Air,8/15/2012,8/21/2012,13-Dec-12,13-Dec-12,13-Dec-12,HRDT,HIV test,"Orgenics, Ltd","HIV 1/2, Determine Complete HIV Kit, 100 Tests","HIV 1/2, Determine Complete HIV Kit",Determine,,Test kit,100,624,55536.0,89.0,0.89,"Alere Medical Co., Ltd.",No,See ASN-16852 (ID#:25990),See ASN-16852 (ID#:25990),77.86
50438,116-ZA-T30,FPQ-14942,SCMS-259073,ASN-30671,South Africa,PMO - US,Direct Drop,DDP,Truck,9/11/2014,2/12/2015,12-Feb-15,12-Feb-15,12-Feb-15,ARV,Adult,PHARMACY DIRECT,"Didanosine 400mg, delayed-release capsules, 30 Caps",Didanosine,Generic,400mg,Delayed-release capsules,30,6,85.3,14.22,0.47,"Aurobindo Unit III, India",No,Weight Captured Separately,Freight Included in Commodity Cost,0.09
82448,110-ZM-T30,FPQ-8759,SO-41121,DN-2532,Zambia,PMO - US,From RDC,N/A - From RDC,Truck,11/6/2011,N/A - From RDC,27-Apr-12,17-Feb-12,17-Feb-12,ARV,Adult,SCMS from RDC,"Abacavir 300mg, tablets, 60 Tabs",Abacavir,Generic,300mg,Tablet,60,7548,110427.24,14.63,0.24,Mylan (formerly Matrix) Nashik,Yes,13472,11292.05,154.82
86500,107-RW-T30,FPQ-9888,SO-42132,DN-2779,Rwanda,PMO - US,From RDC,N/A - From RDC,Air,5/11/2012,N/A - From RDC,24-Aug-12,31-Jul-12,31-Jul-12,ARV,Adult,SCMS from RDC,"Abacavir 300mg, tablets, 60 Tabs",Abacavir,Generic,300mg,Tablet,60,12548,165006.2,13.15,0.22,Mylan (formerly Matrix) Nashik,Yes,1297,21520.66,231.34
18762,116-ZA-T30,FPQ-11828,SCMS-183950,ASN-19166,South Africa,South Africa Field Office,Direct Drop,DDP,Truck,3/18/2013,Date Not Captured,16-Apr-13,16-Apr-13,16-Apr-13,ARV,Adult,S. BUYS WHOLESALER,"Zidovudine 300mg, tablets, 60 Tabs",Zidovudine,Generic,300mg,Tablet,60,216,5512.38,25.52,0.43,"Aurobindo Unit III, India",No,Weight Captured Separately,Freight Included in Commodity Cost,6.82
86019,102-BI-T30,FPQ-12065,SO-45181,DN-3423,Burundi,PMO - US,From RDC,N/A - From RDC,Air,4/22/2013,N/A - From RDC,31-Dec-13,17-Feb-14,24-Feb-14,ARV,Pediatric,SCMS from RDC,"Lamivudine 10mg/ml, oral solution w/syringe, Bottle, 240 ml",Lamivudine,Generic,10mg/ml,Oral solution,240,549,796.05,1.45,0.01,"Aurobindo Unit III, India",Yes,201,1530.81,0.98
82637,110-ZM-T30,FPQ-13456,SO-47470,DN-3491,Zambia,PMO - US,From RDC,N/A - From RDC,Truck,12/17/2013,N/A - From RDC,13-Feb-14,24-Jan-14,17-Mar-14,ARV,Adult,SCMS from RDC,"Zidovudine 300mg, tablets, 60 Tabs",Zidovudine,Generic,300mg,Tablet,60,6350,35433.0,5.58,0.09,"Aurobindo Unit III, India",Yes,320,1300,36.43
83200,114-UG-T30,FPQ-13107,SO-46840,DN-3503,Uganda,PMO - US,From RDC,N/A - From RDC,Truck,10/16/2013,N/A - From RDC,28-Feb-14,30-Jan-14,3-Feb-14,ARV,Pediatric,SCMS from RDC,"Nevirapine 10mg/ml, oral suspension w/syringe, Bottle, 100 ml",Nevirapine,Generic,10mg/ml,Oral suspension,100,15000,19500.0,1.3,0.01,"Aurobindo Unit III, India",Yes,2978,5458.46,20.05
83037,110-ZM-T30,FPQ-9472,SO-41710,DN-2661,Zambia,PMO - US,From RDC,N/A - From RDC,Truck,3/8/2012,N/A - From RDC,26-Jul-12,18-Jun-12,18-Jun-12,ARV,Adult,SCMS from RDC,"Efavirenz 600mg, tablets, 30 Tabs",Efavirenz,Generic,600mg,Tablet,30,46190,190302.8,4.12,0.14,"Strides, Bangalore, India.",Yes,4539,4496.13,266.8
6381,108-VN-T01,Pre-PQ Process,SCMS-40390,ASN-3673,Vietnam,PMO - US,Direct Drop,CIP,Air,Pre-PQ Process,3/6/2009,26-Mar-09,26-Mar-09,26-Mar-09,ARV,Pediatric,BRISTOL-MYERS SQUIBB,"Didanosine 100mg [Videx],chewable tablets, 60 Tabs",Didanosine,Videx,100mg,Chewable/dispersible tablet,60,260,3315.0,12.75,0.21,"BMS Meymac, France",Yes,56,2246.81,6.5
82429,101-CD-T30,FPQ-9015,SO-41230,DN-2478,"Congo, DRC",PMO - US,From RDC,N/A - From RDC,Air,12/12/2011,N/A - From RDC,27-Dec-11,3-Jan-12,3-Jan-12,ARV,Adult,SCMS from RDC,"Lamivudine/Zidovudine 150/300mg, tablets, 60 Tabs",Lamivudine/Zidovudine,Generic,150/300mg,Tablet - FDC,60,1500,12390.0,8.26,0.14,"Aurobindo Unit III, India",Yes,147,1182.25,17.37
83477,114-UG-T30,FPQ-6427,SO-37530,DN-2079,Uganda,PMO - US,From RDC,N/A - From RDC,Truck,9/29/2010,N/A - From RDC,31-Dec-10,23-Dec-10,23-Dec-10,ARV,Adult,SCMS from RDC,"Lamivudine/Nevirapine/Zidovudine 150/200/300mg, tablets, 60 Tabs",Lamivudine/Nevirapine/Zidovudine,Generic,150/300/200mg,Tablet - FDC,60,125000,1402500.0,11.22,0.19,"Aurobindo Unit III, India",Yes,16790,103428,3023.79
12148,114-UG-T01,Pre-PQ Process,SO-1302,DN-489,Uganda,PMO - US,From RDC,N/A - From RDC,Air,Pre-PQ Process,N/A - From RDC,15-Jan-08,15-Jan-08,15-Jan-08,ARV,Adult,SCMS from RDC,"Lamivudine/Zidovudine 150/300mg, tablets, 60 Tabs",Lamivudine/Zidovudine,Generic,150/300mg,Tablet - FDC,60,16,152.0,9.5,0.16,"Cipla, Goa, India",No,See DN-489 (ID#:11516),See DN-489 (ID#:11516),0.24
43634,900-SS-T30,FPQ-11623,SCMS-178020,ASN-18785,South Sudan,PMO - US,Direct Drop,EXW,Air,2/8/2013,2/27/2013,16-May-13,16-May-13,16-May-13,HRDT,HIV test,"Trinity Biotech, Plc","HIV 1/2, Uni-Gold HIV Kit, 20 Tests","HIV 1/2, Uni-Gold HIV Kit",Uni-Gold,,Test kit,20,52,1664.0,32.0,1.6,"Trinity Biotech, Plc",Yes,24,1170.36,2.06
86069,151-NG-T30,FPQ-12248,SO-45660,DN-3619,Nigeria,PMO - US,From RDC,N/A - From RDC,Air Charter,5/6/2013,N/A - From RDC,15-Apr-14,17-Apr-14,2-May-14,ARV,Adult,SCMS from RDC,"Lamivudine/Nevirapine/Zidovudine 150/200/300mg, tablets, 60 Tabs",Lamivudine/Nevirapine/Zidovudine,Generic,150/300/200mg,Tablet - FDC,60,15,123.9,8.26,0.14,"Cipla, Goa, India",Yes,5416,29674.92,0.15
65617,109-TZ-T30,FPQ-5900,SCMS-76980,ASN-7442,Tanzania,PMO - US,Direct Drop,EXW,Air,6/21/2010,6/24/2010,7-Aug-10,7-Aug-10,7-Aug-10,ARV,Adult,Aurobindo Pharma Limited,"Nevirapine 200mg, tablets, 60 Tabs",Nevirapine,Generic,200mg,Tablet,60,28800,74880.0,2.6,0.04,"Aurobindo Unit III, India",Yes,3396,16416.58,161.44
85090,113-ZW-T30,FPQ-4694,SO-35390,DN-1659,Zimbabwe,PMO - US,From RDC,N/A - From RDC,Truck,12/8/2009,N/A - From RDC,31-Mar-10,12-Mar-10,12-Mar-10,ARV,Adult,SCMS from RDC,"Efavirenz 600mg, tablets, 30 Tabs",Efavirenz,Generic,600mg,Tablet,30,1900,9747.0,5.13,0.17,"Aurobindo Unit III, India",No,See DN-1659 (ID#:82859),See DN-1659 (ID#:82859),21.01
73003,108-VN-T30,FPQ-14516,SCMS-249050,ASN-29375,Vietnam,PMO - US,Direct Drop,EXW,Air,7/9/2014,8/11/2014,17-Dec-14,17-Dec-14,17-Dec-14,ARV,Adult,HETERO LABS LIMITED,"Efavirenz/Lamivudine/Tenofovir Disoproxil Fumarate 600/300/300mg, tablets, 30 Tabs",Efavirenz/Lamivudine/Tenofovir Disoproxil Fumarate,Generic,600/300/300mg,Tablet - FDC,30,19200,201600.0,10.5,0.35,Hetero Unit III Hyderabad IN,Yes,2719,4084.56,207.24
63047,116-ZA-T30,FPQ-13973,SCMS-238553,ASN-28021,South Africa,PMO - US,Direct Drop,DDP,Truck,4/30/2014,8/28/2014,28-Aug-14,28-Aug-14,28-Aug-14,ARV,Adult,PHARMACY DIRECT,"Zidovudine 300mg, tablets, 60 Tabs",Zidovudine,Generic,300mg,Tablet,60,11,274.5,24.95,0.42,"Aurobindo Unit III, India",No,Weight Captured Separately,Freight Included in Commodity Cost,0.28
49907,103-MW-T30,FPQ-10790,SCMS-163900,ASN-19496,Malawi,PMO - US,Direct Drop,EXW,Ocean,10/17/2012,10/31/2012,24-Jul-13,24-Jul-13,24-Jul-13,ARV,Adult,MYLAN LABORATORIES LTD (FORMERLY MATRIX LABORATORIES),"Efavirenz/Lamivudine/Tenofovir Disoproxil Fumarate 600/300/300mg, tablets, 30 Tabs",Efavirenz/Lamivudine/Tenofovir Disoproxil Fumarate,Generic,600/300/300mg,Tablet - FDC,30,60000,689400.0,11.49,0.38,Mylan (formerly Matrix) Nashik,Yes,6778,15020.21,852.79
14384,109-TZ-T30,FPQ-13048,SCMS-210920,ASN-24302,Tanzania,PMO - US,Direct Drop,EXW,Air,10/3/2013,10/28/2013,22-Mar-14,22-Mar-14,22-Mar-14,ARV,Pediatric,Aurobindo Pharma Limited,"Efavirenz 50mg, capsule, 30 Caps",Efavirenz,Generic,50mg,Capsule,30,20867,32552.52,1.56,0.05,"Aurobindo Unit III, India",Yes,1337,8403.67,40.27
86066,151-NG-T30,FPQ-12801,SO-46550,DN-3618,Nigeria,PMO - US,From RDC,N/A - From RDC,Air Charter,8/6/2013,N/A - From RDC,15-Apr-14,17-Apr-14,2-May-14,ARV,Adult,SCMS from RDC,"Efavirenz/Lamivudine/Tenofovir Disoproxil Fumarate 600/300/300mg, tablets, 30 Tabs",Efavirenz/Lamivudine/Tenofovir Disoproxil Fumarate,Generic,600/300/300mg,Tablet - FDC,30,401961,4228629.72,10.52,0.35,Hetero Unit III Hyderabad IN,Yes,59322,29674.92,5230.81
80005,108-VN-T30,FPQ-15040,SCMS-263670,ASN-30942,Vietnam,PMO - US,Direct Drop,EXW,Air,10/30/2014,12/8/2014,14-Apr-15,14-Apr-15,14-Apr-15,ARV,Adult,HETERO LABS LIMITED,"Tenofovir Disoproxil Fumarate 300mg, tablets, 30 Tabs",Tenofovir Disoproxil Fumarate,Generic,300mg,Tablet,30,14000,49700.0,3.55,0.12,Hetero Unit III Hyderabad IN,No,See ASN-30942 (ID#:19840),See ASN-30942 (ID#:19840),51.09
82514,110-ZM-T30,FPQ-9773,SO-41992,DN-2865,Zambia,PMO - US,From RDC,N/A - From RDC,Truck,4/27/2012,N/A - From RDC,10-Oct-12,5-Oct-12,5-Oct-12,ARV,Adult,SCMS from RDC,"Emtricitabine/Tenofovir Disoproxil Fumarate 200/300mg, tablets, 30 Tabs",Emtricitabine/Tenofovir Disoproxil Fumarate,Generic,200/300mg,Tablet - FDC,30,167825,1105966.75,6.59,0.22,Mylan (formerly Matrix) Nashik,Yes,26199,34356.26,1550.57
12059,111-MZ-T01,Pre-PQ Process,SO-379,DN-183,Mozambique,PMO - US,From RDC,N/A - From RDC,Air,Pre-PQ Process,N/A - From RDC,4-Jul-07,4-Jul-07,4-Jul-07,ARV,Adult,SCMS from RDC,"Abacavir/Lamivudine/Zidovudine 300/150/300mg [Trizivir], tablets, 60 Tabs",Abacavir/Lamivudine/Zidovudine,Trizivir,300/150/300mg,Tablet - FDC,60,1019,71330.0,70.0,1.17,GSK Ware (UK),Yes,138,439.17,
85595,104-CI-T30,FPQ-15259,SO-50100,DN-4255,Côte d'Ivoire,PMO - US,From RDC,N/A - From RDC,Truck,10/24/2014,N/A - From RDC,19-Jun-15,8-Jun-15,19-Jun-15,ARV,Adult,SCMS from RDC,"Lamivudine/Nevirapine/Zidovudine 150/200/300mg, tablets, 60 Tabs",Lamivudine/Nevirapine/Zidovudine,Generic,150/300/200mg,Tablet - FDC,60,148037,1142845.64,7.72,0.13,"Strides, Bangalore, India.",No,See DN-4255 (ID#:83911),See DN-4255 (ID#:83911),1345.13
83564,101-CD-T30,FPQ-8840,SO-41147,DN-2511,"Congo, DRC",PMO - US,From RDC,N/A - From RDC,Air,11/21/2011,N/A - From RDC,16-Mar-12,14-Mar-12,14-Mar-12,ARV,Adult,SCMS from RDC,"Zidovudine 300mg, tablets, 60 Tabs",Zidovudine,Generic,300mg,Tablet,60,1700,11934.0,7.02,0.12,Hetero Unit III Hyderabad IN,No,See DN-2511 (ID#:83563),See DN-2511 (ID#:83563),16.73
11310,107-RW-T01,Pre-PQ Process,SO-27280,DN-1167,Rwanda,PMO - US,From RDC,N/A - From RDC,Air,Pre-PQ Process,N/A - From RDC,9-Apr-09,9-Apr-09,9-Apr-09,ARV,Adult,SCMS from RDC,"Lamivudine 150mg, tablets, 60 Tabs",Lamivudine,Generic,150mg,Tablet,60,6385,15579.4,2.44,0.04,"Aurobindo Unit III, India",Yes,327,1762.5,30.54
84020,151-NG-T30,FPQ-5023,SO-36541,DN-1938,Nigeria,PMO - US,From RDC,N/A - From RDC,Air,2/10/2010,N/A - From RDC,15-Jul-10,28-Jun-10,28-Jun-10,ARV,Adult,SCMS from RDC,"Lamivudine/Zidovudine 150/300mg, tablets, 60 Tabs",Lamivudine/Zidovudine,Generic,150/300mg,Tablet - FDC,60,23856,208978.56,8.76,0.15,Mylan (formerly Matrix) Nashik,Yes,1918,Freight Included in Commodity Cost,450.56
13277,108-VN-T30,FPQ-4098,SCMS-51780,ASN-5008,Vietnam,PMO - US,Direct Drop,EXW,Air,8/12/2009,8/14/2009,26-Oct-09,26-Oct-09,26-Oct-09,ARV,Adult,MYLAN LABORATORIES LTD (FORMERLY MATRIX LABORATORIES),"Tenofovir Disoproxil Fumarate 300mg, tablets, 30 Tabs",Tenofovir Disoproxil Fumarate,Generic,300mg,Tablet,30,1680,13860.0,8.25,0.28,Mylan (formerly Matrix) Nashik,Yes,110,791.43,27.17
44724,108-VN-T30,FPQ-16194,SCMS-285460,ASN-33291,Vietnam,PMO - US,Direct Drop,EXW,Air,4/14/2015,5/11/2015,1-Sep-15,1-Sep-15,1-Sep-15,ARV,Adult,Aurobindo Pharma Limited,"Efavirenz 600mg, tablets, 30 Tabs",Efavirenz,Generic,600mg,Tablet,30,3000,9900.0,3.3,0.11,"Aurobindo Unit III, India",Yes,Weight Captured Separately,Invoiced Separately,11.65
70356,161-ZA-T30,FPQ-7175,SCMS-123580,ASN-12993,South Africa,PMO - US,Direct Drop,DDP,Ocean,3/10/2011,9/30/2011,22-Dec-11,4-Jan-12,4-Jan-12,ARV,Adult,Aurobindo Pharma Limited,"Efavirenz 600mg, tablets, 30 Tabs",Efavirenz,Generic,600mg,Tablet,30,246113,1048441.38,4.26,0.14,"Aurobindo Unit III, India",Yes,20896,16429.13,1729.93
6563,116-ZA-T01,Pre-PQ Process,SCMS-47051,ASN-4837,South Africa,PMO - US,Direct Drop,DDP,Truck,Pre-PQ Process,6/5/2009,12-Oct-09,3-Aug-09,3-Aug-09,ARV,Pediatric,S. BUYS WHOLESALER,"Efavirenz 200mg, capsule, 90 Caps",Efavirenz,Generic,200mg,Capsule,90,140,3540.6,25.29,0.28,"Aurobindo Unit III, India",No,Weight Captured Separately,Freight Included in Commodity Cost,6.94
54780,106-HT-T30,FPQ-4034,SCMS-51230,ASN-4995,Haiti,PMO - US,Direct Drop,EXW,Air,7/29/2009,9/1/2009,7-Oct-09,7-Oct-09,7-Oct-09,HRDT,HIV test,Orasure Technologies Inc.,"HIV 1/2, OraQuick Advance HIV Rapid Antibody Kit, 100 Tests","HIV 1/2, OraQuick Advance HIV Rapid Antibody Kit",OraQuick,,Test kit,100,200,70000.0,350.0,3.5,"Pacific Biotech, Thailand",Yes,480,9334.68,137.2
67321,104-CI-T30,FPQ-5518,SCMS-61091,ASN-6764,Côte d'Ivoire,PMO - US,Direct Drop,EXW,Air,4/15/2010,4/15/2010,26-May-10,26-May-10,26-May-10,ARV,Pediatric,Aurobindo Pharma Limited,"Didanosine 200mg, chewable/dispersible tablets, 60 Tabs",Didanosine,Generic,200mg,Chewable/dispersible tablet,60,712,10680.0,15.0,0.25,"Aurobindo Unit III, India",Yes,147,1836.81,23.03
12041,107-RW-T01,Pre-PQ Process,SO-481,DN-100,Rwanda,PMO - US,From RDC,N/A - From RDC,Air,Pre-PQ Process,N/A - From RDC,14-May-07,14-May-07,14-May-07,ARV,Adult,SCMS from RDC,"Lamivudine 150mg, tablets, 60 Tabs",Lamivudine,Generic,150mg,Tablet,60,1267,4193.77,3.31,0.06,"Ranbaxy, Paonta Shahib, India",No,See DN-100 (ID#:10823),See DN-100 (ID#:10823),
38157,111-MZ-T30,FPQ-8527,SCMS-130160,ASN-13822,Mozambique,PMO - US,Direct Drop,EXW,Air,10/5/2011,12/29/2011,2-May-12,2-May-12,2-May-12,HRDT,HIV test,"Orgenics, Ltd","HIV 1/2, Determine Complete HIV Kit, 100 Tests","HIV 1/2, Determine Complete HIV Kit",Determine,,Test kit,100,1133,90640.0,80.0,0.8,"Alere Medical Co., Ltd.",Yes,539,10925.46,149.56
76136,110-ZM-T30,FPQ-14827,SCMS-256510,ASN-29093,Zambia,PMO - US,Direct Drop,EXW,Air,8/19/2014,9/19/2014,11-Mar-15,11-Mar-15,31-Mar-15,HRDT,HIV test,"Orgenics, Ltd","HIV 1/2, Determine Complete HIV Kit, 100 Tests","HIV 1/2, Determine Complete HIV Kit",Determine,,Test kit,100,6322,505760.0,80.0,0.8,"Alere Medical Co., Ltd.",Yes,2564,37444.1,519.92
12266,151-NG-T01,Pre-PQ Process,SO-21804,DN-1138,Nigeria,PMO - US,From RDC,N/A - From RDC,Air Charter,Pre-PQ Process,N/A - From RDC,19-Mar-09,19-Mar-09,19-Mar-09,ARV,Adult,SCMS from RDC,"Lamivudine/Nevirapine/Zidovudine 150/200/300mg, tablets, 60 Tabs",Lamivudine/Nevirapine/Zidovudine,Generic,150/300/200mg,Tablet - FDC,60,370,4218.0,11.4,0.19,"Aurobindo Unit III, India",Yes,42,Freight Included in Commodity Cost,8.27
85903,900-SS-T30,FPQ-10514,SO-43060,DN-2871,South Sudan,PMO - US,From RDC,N/A - From RDC,Air,8/17/2012,N/A - From RDC,30-Nov-12,30-Nov-12,30-Nov-12,ARV,Adult,SCMS from RDC,"Lamivudine 150mg, tablets, 60 Tabs",Lamivudine,Generic,150mg,Tablet,60,270,599.4,2.22,0.04,Hetero Unit III Hyderabad IN,No,See DN-2871 (ID#:83626),See DN-2871 (ID#:83626),0.84
84808,111-MZ-T30,FPQ-11882,SO-44810,DN-3108,Mozambique,PMO - US,From RDC,N/A - From RDC,Air,3/19/2013,N/A - From RDC,4-Jul-13,4-Jul-13,4-Jul-13,ARV,Adult,SCMS from RDC,"Lamivudine/Stavudine 150/30mg, tablets, 60 Tabs",Lamivudine/Stavudine,Generic,150/30mg,Tablet - FDC,60,8807,22898.2,2.6,0.04,Hetero Unit III Hyderabad IN,No,See DN-3108 (ID#:82568),See DN-3108 (ID#:82568),28.33
86056,104-CI-T30,FPQ-12800,SO-46400,DN-3568,Côte d'Ivoire,PMO - US,From RDC,N/A - From RDC,Truck,8/9/2013,N/A - From RDC,28-Mar-14,11-Apr-14,28-Apr-14,ARV,Adult,SCMS from RDC,"Lamivudine/Nevirapine/Zidovudine 150/200/300mg, tablets, 60 Tabs",Lamivudine/Nevirapine/Zidovudine,Generic,150/300/200mg,Tablet - FDC,60,100000,826000.0,8.26,0.14,"Aurobindo Unit III, India",No,See DN-3568 (ID#:82655),See DN-3568 (ID#:82655),1021.76
20417,116-ZA-T30,FPQ-14942,SCMS-259079,ASN-33851,South Africa,PMO - US,Direct Drop,DDP,Truck,9/11/2014,10/9/2014,24-Aug-15,24-Aug-15,24-Aug-15,ARV,Adult,PHARMACY DIRECT,"Efavirenz 600mg, tablets, 30 Tabs",Efavirenz,Generic,600mg,Tablet,30,42,507.93,12.09,0.4,"Aurobindo Unit III, India",Yes,Weight Captured Separately,Freight Included in Commodity Cost,0.52
84560,104-CI-T30,FPQ-4659,SO-35560,DN-1799,Côte d'Ivoire,PMO - US,From RDC,N/A - From RDC,Air,12/8/2009,N/A - From RDC,10-May-10,7-May-10,7-May-10,ARV,Adult,SCMS from RDC,"Efavirenz 600mg, tablets, 30 Tabs",Efavirenz,Generic,600mg,Tablet,30,45108,214263.0,4.75,0.16,"Aurobindo Unit III, India",Yes,9863,19150.15,461.95
85095,151-NG-T30,FPQ-4537,SO-35067,DN-1685,Nigeria,PMO - US,From RDC,N/A - From RDC,Air Charter,11/6/2009,N/A - From RDC,19-Apr-10,31-Mar-10,31-Mar-10,ARV,Adult,SCMS from RDC,"Lamivudine/Nevirapine/Zidovudine 150/200/300mg, tablets, 60 Tabs",Lamivudine/Nevirapine/Zidovudine,Generic,150/300/200mg,Tablet - FDC,60,10000,112200.0,11.22,0.19,"Aurobindo Unit III, India",Yes,1169,Freight Included in Commodity Cost,241.9
83676,114-UG-T30,FPQ-11143,SO-43942,DN-3124,Uganda,PMO - US,From RDC,N/A - From RDC,Air,12/13/2012,N/A - From RDC,30-Apr-13,9-May-13,9-May-13,ARV,Adult,SCMS from RDC,"Efavirenz/Lamivudine/Tenofovir Disoproxil Fumarate 600/300/300mg, tablets, 30 Tabs",Efavirenz/Lamivudine/Tenofovir Disoproxil Fumarate,Generic,600/300/300mg,Tablet - FDC,30,17310,182101.2,10.52,0.35,Hetero Unit III Hyderabad IN,Yes,2291,10542.15,225.26
84186,151-NG-T30,FPQ-9432,SO-42937,DN-2821,Nigeria,PMO - US,From RDC,N/A - From RDC,Air,3/1/2012,N/A - From RDC,31-Aug-12,14-Aug-12,14-Aug-12,ARV,Adult,SCMS from RDC,"Lamivudine/Tenofovir Disoproxil Fumarate 300/300mg, tablets, 30 Tabs",Lamivudine/Tenofovir Disoproxil Fumarate,Generic,300/300mg,Tablet - FDC,30,24799,132922.64,5.36,0.18,"Cipla, Kurkumbh, India",No,See DN-2821 (ID#:83069),See DN-2821 (ID#:83069),186.36
63561,103-ZW-T30,FPQ-15625,SCMS-272350,ASN-32051,Zimbabwe,PMO - US,Direct Drop,FCA,Air,1/6/2015,1/16/2015,21-May-15,21-May-15,21-May-15,ARV,Pediatric,ABBVIE LOGISTICS (FORMERLY ABBOTT LOGISTICS BV),"Lopinavir/Ritonavir 80/20mg/ml [Kaletra], oral solution, cool, Bottle 5 x 60 ml",Lopinavir/Ritonavir,Kaletra,80/20mg/ml,Oral solution,300,6914,213089.48,30.82,0.1,ABBVIE (Abbott) Logis. UK,Yes,6090,41141.5,250.81
12461,107-RW-T01,Pre-PQ Process,SO-1222,DN-571,Rwanda,PMO - US,From RDC,N/A - From RDC,Air,Pre-PQ Process,N/A - From RDC,28-Jan-08,28-Jan-08,28-Jan-08,HRDT,HIV test,SCMS from RDC,"HIV 1/2, Determine HIV Kit, without Lancets, 100 Tests","HIV 1/2, Determine HIV Kit, without Lancets",Determine,,Test kit,100,2093,150675.07,71.99,0.72,Inverness Japan,No,See DN-571 (ID#:10660),See DN-571 (ID#:10660),241.08
82453,109-TZ-T30,FPQ-8297,SO-40613,DN-2558,Tanzania,PMO - US,From RDC,N/A - From RDC,Truck,8/22/2011,N/A - From RDC,6-Apr-12,14-Feb-12,14-Feb-12,ARV,Adult,SCMS from RDC,"Zidovudine 300mg, tablets, 60 Tabs",Zidovudine,Generic,300mg,Tablet,60,150000,1053000.0,7.02,0.12,"Aurobindo Unit III, India",Yes,10142,7651.59,1737.45
52520,116-ZA-T30,FPQ-5630,SCMS-72760,ASN-7111,South Africa,PMO - US,Direct Drop,DDP,Truck,4/30/2010,5/5/2010,12-May-10,12-May-10,12-May-10,ARV,Adult,S. BUYS WHOLESALER,"Emtricitabine/Tenofovir Disoproxil Fumarate 200/300mg [Truvada], tablets, 30 Tabs",Emtricitabine/Tenofovir Disoproxil Fumarate,Truvada,300/200mg,Tablet - FDC,30,200,9382.78,46.91,1.56,"Aspen-OSD, Port Elizabeth, SA",No,Weight Captured Separately,Freight Included in Commodity Cost,20.23
71477,108-VN-T30,FPQ-14516,SCMS-249050,ASN-29372,Vietnam,PMO - US,Direct Drop,EXW,Air,7/9/2014,8/11/2014,17-Dec-14,17-Dec-14,17-Dec-14,ARV,Adult,HETERO LABS LIMITED,"Efavirenz/Lamivudine/Tenofovir Disoproxil Fumarate 600/300/300mg, tablets, 30 Tabs",Efavirenz/Lamivudine/Tenofovir Disoproxil Fumarate,Generic,600/300/300mg,Tablet - FDC,30,15840,166320.0,10.5,0.35,Hetero Unit III Hyderabad IN,Yes,2517,3789.5,170.98
85453,104-CI-T30,FPQ-12800,SO-46380,DN-3601,Côte d'Ivoire,PMO - US,From RDC,N/A - From RDC,Air,8/9/2013,N/A - From RDC,31-Mar-14,14-Apr-14,22-May-14,ARV,Adult,SCMS from RDC,"Lamivudine 150mg, tablets, 60 Tabs",Lamivudine,Generic,150mg,Tablet,60,1481,3184.15,2.15,0.04,"Aurobindo Unit III, India",Yes,141,1400,3.94
11961,104-CI-T01,Pre-PQ Process,SO-27040,DN-1164,Côte d'Ivoire,PMO - US,From RDC,N/A - From RDC,Air,Pre-PQ Process,N/A - From RDC,24-Mar-09,24-Mar-09,24-Mar-09,ARV,Adult,SCMS from RDC,"Nevirapine 200mg, tablets, 60 Tabs",Nevirapine,Generic,200mg,Tablet,60,7511,25537.4,3.4,0.06,"Aurobindo Unit III, India",Yes,Weight Captured Separately,Invoiced Separately,50.05
11654,114-UG-T01,Pre-PQ Process,SO-31450,DN-1282,Uganda,PMO - US,From RDC,N/A - From RDC,Air,Pre-PQ Process,N/A - From RDC,23-Jun-09,23-Jun-09,23-Jun-09,ARV,Adult,SCMS from RDC,"Lamivudine/Zidovudine 150/300mg, tablets, 60 Tabs",Lamivudine/Zidovudine,Generic,150/300mg,Tablet - FDC,60,6000,52560.0,8.76,0.15,Mylan (formerly Matrix) Nashik,Yes,486,3338.35,103.02
85297,102-CD-T30,FPQ-9906,SO-42340,DN-2812,"Congo, DRC",PMO - US,From RDC,N/A - From RDC,Air,5/15/2012,N/A - From RDC,14-Feb-13,14-Feb-13,14-Feb-13,ARV,Adult,SCMS from RDC,"Abacavir 300mg, tablets, 60 Tabs",Abacavir,Generic,300mg,Tablet,60,298,3862.08,12.96,0.22,Mylan (formerly Matrix) Nashik,No,See DN-2812 (ID#:83068),See DN-2812 (ID#:83068),5.41
58372,104-CI-T30,FPQ-12806,SCMS-206560,ASN-23448,Côte d'Ivoire,PMO - US,Direct Drop,EXW,Air,8/9/2013,9/17/2013,3-Jan-14,3-Jan-14,6-Jan-14,ARV,Pediatric,Aurobindo Pharma Limited,"Nevirapine 50mg, dispersible tablets (tablets for oral suspension), 30 Tabs",Nevirapine,Generic,50mg,Chewable/dispersible tablet,30,7000,8750.0,1.25,0.04,"Aurobindo Unit III, India",Yes,482,5678.33,10.82
86326,104-CI-T30,FPQ-5201,SO-36311,DN-1982,Côte d'Ivoire,PMO - US,From RDC,N/A - From RDC,Air,3/3/2010,N/A - From RDC,23-Aug-10,23-Aug-10,23-Aug-10,ARV,Adult,SCMS from RDC,"Emtricitabine/Tenofovir Disoproxil Fumarate 200/300mg [Truvada], tablets, 30 Tabs",Emtricitabine/Tenofovir Disoproxil Fumarate,Truvada,300/200mg,Tablet - FDC,30,4080,107100.0,26.25,0.88,"Aspen-OSD, Port Elizabeth, SA",No,See DN-1982 (ID#:82910),See DN-1982 (ID#:82910),230.91
12425,111-MZ-T01,Pre-PQ Process,SO-1064,DN-415,Mozambique,PMO - US,From RDC,N/A - From RDC,Air,Pre-PQ Process,N/A - From RDC,30-Nov-07,30-Nov-07,30-Nov-07,HRDT,HIV test,SCMS from RDC,"HIV 1/2, Uni-Gold HIV Kit, 20 Tests","HIV 1/2, Uni-Gold HIV Kit",Uni-Gold,,Test kit,20,5000,160000.0,32.0,1.6,"Trinity Biotech, Plc",No,See DN-415 (ID#:12120),See DN-415 (ID#:12120),256.0
83017,109-TZ-T30,FPQ-8297,SO-40614,DN-2588,Tanzania,PMO - US,From RDC,N/A - From RDC,Truck,8/22/2011,N/A - From RDC,4-May-12,13-Mar-12,13-Mar-12,ARV,Adult,SCMS from RDC,"Lamivudine 150mg, tablets, 60 Tabs",Lamivudine,Generic,150mg,Tablet,60,96018,223721.94,2.33,0.04,Macleods Daman Plant INDIA,Yes,4271,3825.8,369.14
11711,100-HT-T01,Pre-PQ Process,SO-419,DN-111,Haiti,PMO - US,From RDC,N/A - From RDC,,Pre-PQ Process,N/A - From RDC,11-May-07,11-May-07,11-May-07,HRDT,HIV test,SCMS from RDC,"HIV 1/2, OraQuick Advance HIV Rapid Antibody Kit, 100 Tests","HIV 1/2, OraQuick Advance HIV Rapid Antibody Kit",OraQuick,,Test kit,100,10,4000.0,400.0,4.0,"Pacific Biotech, Thailand",Yes,24,1027,
82569,102-BI-T30,FPQ-11661,SO-44670,DN-3118,Burundi,PMO - US,From RDC,N/A - From RDC,Air,2/20/2013,N/A - From RDC,31-May-13,23-May-13,23-May-13,ARV,Adult,SCMS from RDC,"Lamivudine/Nevirapine/Zidovudine 150/200/300mg, tablets, 60 Tabs",Lamivudine/Nevirapine/Zidovudine,Generic,150/300/200mg,Tablet - FDC,60,2208,18944.64,8.58,0.14,Hetero Unit III Hyderabad IN,Yes,652,3763.2,23.43
82907,117-ET-T30,FPQ-5967,SO-37102,DN-1952,Ethiopia,PMO - US,From RDC,N/A - From RDC,Air,6/28/2010,N/A - From RDC,21-Sep-10,14-Jul-10,14-Jul-10,ARV,Adult,SCMS from RDC,"Lamivudine/Nevirapine/Stavudine 150/200/30mg, tablets, 60 Tabs",Lamivudine/Nevirapine/Stavudine,Generic,150/200/30mg,Tablet - FDC,60,561,3214.53,5.73,0.1,"Cipla, Goa, India",Yes,341,114.22,6.93
27200,161-ZA-T30,FPQ-7175,SCMS-103720,ASN-11563,South Africa,PMO - US,Direct Drop,DDP,Air,3/10/2011,3/23/2011,2-Sep-11,2-Sep-11,2-Sep-11,ARV,Adult,HETERO LABS LIMITED,"Efavirenz 600mg, tablets, 30 Tabs",Efavirenz,Generic,600mg,Tablet,30,92500,435675.0,4.71,0.16,Hetero Unit III Hyderabad IN,Yes,8025,9706.85,718.86
1221,116-ZA-T01,Pre-PQ Process,SCMS-46970,ASN-4821,South Africa,PMO - US,Direct Drop,DDP,Truck,Pre-PQ Process,6/5/2009,28-Jul-09,28-Jul-09,28-Jul-09,ARV,Adult,S. BUYS WHOLESALER,"Ritonavir 100mg [Norvir], capsules, cool, 84 Caps",Ritonavir,Norvir,100mg,Capsule,84,50,490.0,9.8,0.12,ABBVIE (Abbott) Logis. UK,Yes,Weight Captured Separately,Freight Included in Commodity Cost,0.96
21469,105-SS-T30,FPQ-15569,SCMS-272170,ASN-32106,South Sudan,PMO - US,Direct Drop,EXW,Air,12/29/2014,2/20/2015,2-Jul-15,7-Jul-15,7-Jul-15,HRDT,HIV test - Ancillary,"Orgenics, Ltd","Chase Buffer, Determine, 100 Tests, 2.5ml x 1 Vial","Chase Buffer, Determine, 100 Tests, 2.5ml x 1 Vial",Determine,,Test kit - Ancillary,1,20,100.0,5.0,5.0,"Alere Medical Co., Ltd.",No,See ASN-32106 (ID#:19172),See ASN-32106 (ID#:19172),0.12
82346,151-NG-T30,FPQ-5688,SO-36932,DN-1976,Nigeria,PMO - US,From RDC,N/A - From RDC,Air Charter,5/27/2010,N/A - From RDC,31-Aug-10,17-Aug-10,17-Aug-10,ARV,Adult,SCMS from RDC,"Lamivudine/Nevirapine/Zidovudine 150/200/300mg, tablets, 60 Tabs",Lamivudine/Nevirapine/Zidovudine,Generic,150/300/200mg,Tablet - FDC,60,32040,359488.8,11.22,0.19,"Aurobindo Unit III, India",Yes,4212,6147.18,775.06
7129,116-ZA-T01,Pre-PQ Process,SCMS-23500,ASN-2299,South Africa,PMO - US,Direct Drop,DDP,Truck,Pre-PQ Process,Date Not Captured,20-Aug-08,14-May-08,14-May-08,ARV,Pediatric,S. BUYS WHOLESALER,"Zidovudine 10mg/ml [Retrovir], oral solution, Bottle, 200 ml",Zidovudine,Retrovir,10mg/ml,Oral solution,200,140,960.4,6.86,0.03,GSK Mississauga (Canada),Yes,Weight Captured Separately,Freight Included in Commodity Cost,1.54
85029,104-CI-T30,FPQ-15259,SO-50100,DN-4255,Côte d'Ivoire,PMO - US,From RDC,N/A - From RDC,Truck,10/24/2014,N/A - From RDC,19-Jun-15,8-Jun-15,19-Jun-15,ARV,Adult,SCMS from RDC,"Efavirenz/Lamivudine/Tenofovir Disoproxil Fumarate 600/300/300mg, tablets, 30 Tabs",Efavirenz/Lamivudine/Tenofovir Disoproxil Fumarate,Generic,600/300/300mg,Tablet - FDC,30,100000,960000.0,9.6,0.32,Hetero Unit III Hyderabad IN,No,See DN-4255 (ID#:83911),See DN-4255 (ID#:83911),1129.92
82676,104-CI-T30,FPQ-10633,SO-43370,DN-3706,Côte d'Ivoire,PMO - US,From RDC,N/A - From RDC,Truck,9/11/2012,N/A - From RDC,30-Jun-14,4-Jun-14,10-Jul-14,ARV,Adult,SCMS from RDC,"Efavirenz 600mg, tablets, 30 Tabs",Efavirenz,Generic,600mg,Tablet,30,25000,83250.0,3.33,0.11,"Hetero, Jadcherla, unit 5, IN",Yes,3591,21593.88,116.72
82388,110-ZM-T30,FPQ-7233,SO-39040,DN-2273,Zambia,PMO - US,From RDC,N/A - From RDC,Truck,3/1/2011,N/A - From RDC,15-Aug-11,5-Aug-11,5-Aug-11,ARV,Pediatric,SCMS from RDC,"Nevirapine 10mg/ml, oral suspension, Bottle, 240 ml",Nevirapine,Generic,10mg/ml,Oral suspension,240,20000,36000.0,1.8,0.01,"Aurobindo Unit III, India",Yes,7469,3949.19,59.4
85652,104-CI-T30,FPQ-4378,SO-35770,DN-1640,Côte d'Ivoire,PMO - US,From RDC,N/A - From RDC,Air,10/15/2009,N/A - From RDC,6-Apr-10,15-Feb-10,15-Feb-10,ARV,Adult,SCMS from RDC,"Abacavir/Lamivudine 600/300mg, scored tablets, 30 Tabs",Abacavir/Lamivudine,Generic,600/300mg,Tablet - FDC,30,1276,29348.0,23.0,0.77,"Aurobindo Unit III, India",Yes,117,1083.3,57.52
20947,116-ZA-T30,FPQ-14942,SCMS-259073,ASN-30671,South Africa,PMO - US,Direct Drop,DDP,Truck,9/11/2014,2/12/2015,12-Feb-15,12-Feb-15,12-Feb-15,ARV,Adult,PHARMACY DIRECT,"Tenofovir Disoproxil Fumarate 300mg, tablets, 30 Tabs",Tenofovir Disoproxil Fumarate,Generic,300mg,Tablet,30,135,1865.0,13.81,0.46,Mylan (formerly Matrix) Nashik,No,Weight Captured Separately,Freight Included in Commodity Cost,1.92
9096,102-KE-T01,Pre-PQ Process,SCMS-42990,ASN-3894,Kenya,PMO - US,Direct Drop,EXW,Air,Pre-PQ Process,4/4/2009,20-May-09,20-May-09,20-May-09,HRDT,HIV test,"Standard Diagnostics, Inc.","HIV 1/2, Bioline 3.0 Kit, (no accessories), 30 Tests","HIV 1/2, Bioline 3.0 Kit (no accessories)",Bioline,,Test kit,30,5000,120000.0,24.0,0.8,"Standard Diagnostics, Korea",Yes,1558,11653.64,235.2
45608,102-KE-T30,FPQ-3984,SCMS-50870,ASN-4770,Kenya,PMO - US,Direct Drop,EXW,Air,7/20/2009,7/31/2009,11-Sep-09,11-Sep-09,11-Sep-09,HRDT,HIV test,"Trinity Biotech, Plc","HIV 1/2, Uni-Gold HIV Kit, 20 Tests","HIV 1/2, Uni-Gold HIV Kit",Uni-Gold,,Test kit,20,500,16000.0,32.0,1.6,"Trinity Biotech, Plc",Yes,170,2865.63,31.36
41943,108-VN-T30,FPQ-15692,SCMS-274370,ASN-32262,Vietnam,PMO - US,Direct Drop,EXW,Air,1/28/2015,2/17/2015,13-Jul-15,13-Jul-15,14-Jul-15,ARV,Adult,HETERO LABS LIMITED,"Efavirenz/Lamivudine/Tenofovir Disoproxil Fumarate 600/300/300mg, tablets, 30 Tabs",Efavirenz/Lamivudine/Tenofovir Disoproxil Fumarate,Generic,600/300/300mg,Tablet - FDC,30,9600,96000.0,10.0,0.33,Hetero Unit III Hyderabad IN,Yes,Weight Captured Separately,Invoiced Separately,112.99
19863,116-ZA-T30,FPQ-14942,SCMS-259078,ASN-33470,South Africa,PMO - US,Direct Drop,DDP,Truck,9/11/2014,10/9/2014,24-Jul-15,24-Jul-15,24-Jul-15,ARV,Adult,PHARMACY DIRECT,"Lamivudine/Zidovudine 150/300mg, tablets, 60 Tabs",Lamivudine/Zidovudine,Generic,150/300mg,Tablet - FDC,60,23,528.93,23.0,0.38,"Aurobindo Unit III, India",No,Weight Captured Separately,Freight Included in Commodity Cost,0.54
74417,116-ZA-T30,FPQ-12522,SCMS-199280,ASN-24433,South Africa,PMO - US,Direct Drop,DDP,Truck,7/11/2013,8/13/2013,7-Feb-14,7-Feb-14,7-Feb-14,ARV,Adult,S. BUYS WHOLESALER,"Efavirenz 600mg, tablets, 30 Tabs",Efavirenz,Generic,600mg,Tablet,30,676,11202.19,16.57,0.55,Hetero Unit III Hyderabad IN,No,Weight Captured Separately,Freight Included in Commodity Cost,13.86
84554,151-NG-T30,FPQ-4537,SO-36007,DN-1793,Nigeria,PMO - US,From RDC,N/A - From RDC,Air Charter,11/6/2009,N/A - From RDC,31-May-10,18-May-10,18-May-10,ARV,Adult,SCMS from RDC,"Lamivudine/Nevirapine/Zidovudine 150/200/300mg, tablets, 60 Tabs",Lamivudine/Nevirapine/Zidovudine,Generic,150/300/200mg,Tablet - FDC,60,40000,448800.0,11.22,0.19,"Aurobindo Unit III, India",Yes,4693,9736.1,967.61
11605,114-UG-T01,Pre-PQ Process,SO-10180,DN-898,Uganda,PMO - US,From RDC,N/A - From RDC,Air,Pre-PQ Process,N/A - From RDC,25-Sep-08,25-Sep-08,25-Sep-08,ARV,Pediatric,SCMS from RDC,"Zidovudine 10mg/ml, oral solution, Bottle, 240 ml",Zidovudine,Generic,10mg/ml,Oral solution,240,14668,30802.8,2.1,0.01,"Aurobindo Unit III, India",Yes,5511,7876.44,49.28
85875,111-MZ-T30,FPQ-9506,SO-41770,DN-2738,Mozambique,PMO - US,From RDC,N/A - From RDC,Truck,3/16/2012,N/A - From RDC,4-Sep-12,22-Aug-12,22-Aug-12,ARV,Adult,SCMS from RDC,"Zidovudine 300mg, tablets, 60 Tabs",Zidovudine,Generic,300mg,Tablet,60,43020,302000.4,7.02,0.12,Mylan (formerly Matrix) Nashik,Yes,22479,6483.81,423.4
1628,110-ZM-T01,Pre-PQ Process,SCMS-18030,ASN-1619,Zambia,PMO - US,Direct Drop,EXW,Air,Pre-PQ Process,2/25/2008,14-May-08,14-May-08,14-May-08,HRDT,HIV test,"Trinity Biotech, Plc","HIV 1/2, Uni-Gold HIV Kit, 20 Tests","HIV 1/2, Uni-Gold HIV Kit",Uni-Gold,,Test kit,20,6040,193280.0,32.0,1.6,"Trinity Biotech, Plc",Yes,2052,24689,309.25
62814,110-ZM-T30,FPQ-13084,SCMS-211060,ASN-22938,Zambia,PMO - US,Direct Drop,EXW,Air,10/11/2013,10/21/2013,13-Jan-14,13-Jan-14,30-Jan-14,ARV,Adult,Aurobindo Pharma Limited,"Lamivudine 150mg, tablets, 60 Tabs",Lamivudine,Generic,150mg,Tablet,60,20000,43000.0,2.15,0.04,"Aurobindo Unit III, India",Yes,980,6020.81,44.2
84711,109-TZ-T30,FPQ-8297,SO-40600,DN-2571,Tanzania,PMO - US,From RDC,N/A - From RDC,Truck,8/22/2011,N/A - From RDC,11-Apr-12,11-Apr-12,11-Apr-12,ARV,Adult,SCMS from RDC,"Efavirenz 600mg, tablets, 30 Tabs",Efavirenz,Generic,600mg,Tablet,30,137269,579275.18,4.22,0.14,"Strides, Bangalore, India.",Yes,8474,3279.25,955.8
84253,113-ZW-T30,FPQ-11002,SO-43710,DN-3131,Zimbabwe,PMO - US,From RDC,N/A - From RDC,Truck,11/16/2012,N/A - From RDC,6-May-13,29-Apr-13,29-Apr-13,ARV,Adult,SCMS from RDC,"Lamivudine/Tenofovir Disoproxil Fumarate 300/300mg, tablets, 30 Tabs",Lamivudine/Tenofovir Disoproxil Fumarate,Generic,300/300mg,Tablet - FDC,30,2014,9465.8,4.7,0.16,"Aurobindo Unit VII, IN",No,See DN-3131 (ID#:83136),See DN-3131 (ID#:83136),11.71
83054,151-NG-T30,FPQ-9432,SO-41682,DN-2729,Nigeria,PMO - US,From RDC,N/A - From RDC,Air Charter,3/1/2012,N/A - From RDC,2-Aug-12,9-Jul-12,9-Jul-12,ARV,Adult,SCMS from RDC,"Efavirenz 600mg, tablets, 30 Tabs",Efavirenz,Generic,600mg,Tablet,30,3103,11822.43,3.81,0.13,"Strides, Bangalore, India.",No,See DN-2729 (ID#:82487),See DN-2729 (ID#:82487),16.58
85119,106-HT-T30,FPQ-5523,SO-36740,DN-1847,Haiti,PMO - US,From RDC,N/A - From RDC,Air,4/19/2010,N/A - From RDC,30-Jun-10,9-Jun-10,9-Jun-10,ARV,Pediatric,SCMS from RDC,"Efavirenz 200mg, capsule, 90 Caps",Efavirenz,Generic,200mg,Capsule,90,1176,11842.32,10.07,0.11,"Aurobindo Unit III, India",No,See DN-1847 (ID#:82889),See DN-1847 (ID#:82889),25.53
53989,105-SS-T30,FPQ-12623,SCMS-200911,ASN-22749,South Sudan,PMO - US,Direct Drop,EXW,Air,7/18/2013,8/5/2013,24-Jan-14,24-Jan-14,24-Jan-14,HRDT,HIV test,"Orgenics, Ltd","HIV 1/2, Determine Complete HIV Kit, 100 Tests","HIV 1/2, Determine Complete HIV Kit",Determine,,Test kit,100,350,31150.0,89.0,0.89,"Alere Medical Co., Ltd.",No,See ASN-22749 (ID#:45723),See ASN-22749 (ID#:45723),38.53
59043,101-CD-T30,FPQ-14654,SCMS-253260,ASN-28279,"Congo, DRC",PMO - US,Direct Drop,EXW,Air,8/11/2014,8/27/2014,4-Nov-14,4-Nov-14,20-Nov-14,HRDT,HIV test,"Trinity Biotech, Plc","HIV 1/2, Uni-Gold HIV Kit, 20 Tests","HIV 1/2, Uni-Gold HIV Kit",Uni-Gold,,Test kit,20,15,480.0,32.0,1.6,"Trinity Biotech, Plc",No,See ASN-28279 (ID#:13547),See ASN-28279 (ID#:13547),0.49
12302,151-NG-T01,Pre-PQ Process,SO-27810,DN-1346,Nigeria,PMO - US,From RDC,N/A - From RDC,Air Charter,Date Not Captured,N/A - From RDC,4-Aug-09,4-Aug-09,4-Aug-09,ARV,Adult,SCMS from RDC,"Emtricitabine/Tenofovir Disoproxil Fumarate 200/300mg [Truvada], tablets, 30 Tabs",Emtricitabine/Tenofovir Disoproxil Fumarate,Truvada,300/200mg,Tablet - FDC,30,22730,596662.5,26.25,0.88,"Aspen-OSD, Port Elizabeth, SA",Yes,1977,7445.8,1169.46
33360,106-HT-T30,FPQ-11433,SCMS-178730,ASN-18767,Haiti,PMO - US,Direct Drop,CIP,Air,1/31/2013,2/27/2013,2-Apr-13,2-Apr-13,2-Apr-13,ARV,Adult,ETHNOR DEL ISTMO S.A.,"Darunavir 300mg [Prezista], tablets, 120 Tabs",Darunavir,Prezista,300mg,Tablet,120,120,7992.0,66.6,0.55,"Janssen Ortho LLC, Puerto Rico",Yes,26,240,9.89
71150,109-TZ-T30,FPQ-13048,SCMS-210880,ASN-25839,Tanzania,PMO - US,Direct Drop,FCA,Air,10/3/2013,10/31/2013,24-Jun-14,24-Jun-14,24-Jun-14,ARV,Pediatric,ABBVIE LOGISTICS (FORMERLY ABBOTT LOGISTICS BV),"Lopinavir/Ritonavir 100/25mg [Aluvia], tablets, 60 Tabs",Lopinavir/Ritonavir,Generic,100/25mg,Tablet,60,1956,11618.64,5.94,0.1,ABBVIE Ludwigshafen Germany,Yes,230,2215.81,14.37
17640,111-MZ-T30,FPQ-10880,SCMS-164000,ASN-18533,Mozambique,PMO - US,Direct Drop,EXW,Air,10/18/2012,11/6/2012,20-Mar-13,20-Mar-13,20-Mar-13,HRDT,HIV test,"Orgenics, Ltd","HIV 1/2, Determine Complete HIV Kit, 100 Tests","HIV 1/2, Determine Complete HIV Kit",Determine,,Test kit,100,1832,146560.0,80.0,0.8,"Alere Medical Co., Ltd.",Yes,829,8680.27,181.29
10664,104-CI-T01,Pre-PQ Process,SO-1278,DN-561,Côte d'Ivoire,PMO - US,From RDC,N/A - From RDC,Air,Pre-PQ Process,N/A - From RDC,17-Jan-08,17-Jan-08,17-Jan-08,HRDT,HIV test,SCMS from RDC,"HIV 2, New LAV Blot 2 HIV Kit, 18 Tests","HIV 2, New LAV Blot 2 HIV Kit",LAV,,Test kit,18,9,2773.53,308.17,17.12,Bio-Rad Laboratories,Yes,13,1148,4.44
12563,104-CI-T01,Pre-PQ Process,SO-970,DN-1163,Côte d'Ivoire,PMO - US,From RDC,N/A - From RDC,Air,Pre-PQ Process,N/A - From RDC,23-Mar-09,23-Mar-09,23-Mar-09,ARV,Pediatric,SCMS from RDC,"Lopinavir/Ritonavir 80/20mg/ml [Kaletra], oral solution, cool, Bottle 5 x 60 ml",Lopinavir/Ritonavir,Kaletra,80/20mg/ml,Oral solution,300,405,16645.5,41.1,0.14,ABBVIE (Abbott) Logis. UK,No,See DN-1163 (ID#:11030),See DN-1163 (ID#:11030),32.63
20349,108-VN-T30,FPQ-9576,SCMS-145310,ASN-16124,Vietnam,PMO - US,Direct Drop,EXW,Air,4/11/2012,6/11/2012,2-Oct-12,2-Oct-12,2-Oct-12,ARV,Adult,MYLAN LABORATORIES LTD (FORMERLY MATRIX LABORATORIES),"Tenofovir Disoproxil Fumarate 300mg, tablets, 30 Tabs",Tenofovir Disoproxil Fumarate,Generic,300mg,Tablet,30,30704,137860.96,4.49,0.15,Mylan (formerly Matrix) Nashik,No,See ASN-16124 (ID#:20321),See ASN-16124 (ID#:20321),193.28
55453,107-RW-T30,FPQ-15065,SCMS-263310,ASN-30276,Rwanda,PMO - US,Direct Drop,EXW,Air,10/15/2014,12/16/2014,18-Feb-15,18-Feb-15,18-Feb-15,HRDT,HIV test,"Trinity Biotech, Plc","HIV 1/2, Uni-Gold HIV Kit, 20 Tests","HIV 1/2, Uni-Gold HIV Kit",Uni-Gold,,Test kit,20,369,11808.0,32.0,1.6,"Trinity Biotech, Plc",Yes,115,1729.95,12.14
82384,200-ZW-T30,FPQ-6483,SO-39520,DN-2224,Zimbabwe,PMO - US,From RDC,N/A - From RDC,Truck,10/13/2010,N/A - From RDC,31-May-11,30-Jun-11,30-Jun-11,ARV,Pediatric,SCMS from RDC,"Lamivudine/Nevirapine/Zidovudine 30/50/60mg, dispersible tablets, 60 Tabs",Lamivudine/Nevirapine/Zidovudine,Generic,30/50/60mg,Chewable/dispersible tablet - FDC,60,35000,148750.0,4.25,0.07,Mylan (formerly Matrix) Nashik,Yes,2032,4428.06,320.7
11048,112-NG-T01,Pre-PQ Process,SO-21050,DN-1244,Nigeria,PMO - US,From RDC,N/A - From RDC,Air Charter,Pre-PQ Process,N/A - From RDC,16-Jun-09,16-Jun-09,16-Jun-09,ARV,Adult,SCMS from RDC,"Lamivudine/Nevirapine/Stavudine 150/200/30mg, tablets, 60 Tabs",Lamivudine/Nevirapine/Stavudine,Generic,150/200/30mg,Tablet - FDC,60,5512,39245.44,7.12,0.12,"Cipla, Goa, India",Yes,1165,7329.83,76.92
84553,151-NG-T30,FPQ-4537,SO-36112,DN-1790,Nigeria,PMO - US,From RDC,N/A - From RDC,Air Charter,11/6/2009,N/A - From RDC,31-May-10,18-May-10,18-May-10,ARV,Adult,SCMS from RDC,"Zidovudine 300mg, tablets, 60 Tabs",Zidovudine,Generic,300mg,Tablet,60,10076,75872.28,7.53,0.13,"Aurobindo Unit III, India",Yes,553,9736.1,163.58
3894,116-ZA-T01,Pre-PQ Process,SCMS-47050,ASN-4819,South Africa,PMO - US,Direct Drop,DDP,Truck,Pre-PQ Process,6/5/2009,12-Oct-09,21-Jul-09,21-Jul-09,ARV,Adult,S. BUYS WHOLESALER,"Nevirapine 200mg [Viramune], tablets, 60 Tabs",Nevirapine,Viramune,200mg,Tablet,60,360,7041.6,19.56,0.33,"Boehringer Ing., Koropi, GR",Yes,Weight Captured Separately,Freight Included in Commodity Cost,13.8
86138,110-ZM-T30,FPQ-14162,SO-48670,DN-3937,Zambia,PMO - US,From RDC,N/A - From RDC,Truck,4/24/2014,N/A - From RDC,30-Sep-14,19-Sep-14,17-Oct-14,ARV,Adult,SCMS from RDC,"Nevirapine 200mg, tablets, 60 Tabs",Nevirapine,Generic,200mg,Tablet,60,319150,705321.5,2.21,0.04,Hetero Unit III Hyderabad IN,Yes,19661,21149.81,725.07
12876,109-TZ-T01,Pre-PQ Process,SO-18740,DN-1180,Tanzania,PMO - US,From RDC,N/A - From RDC,Truck,Pre-PQ Process,N/A - From RDC,11-May-09,11-May-09,11-May-09,ARV,Pediatric,SCMS from RDC,"Abacavir 20mg/ml, oral solution, Bottle, 240 ml",Abacavir,Generic,20mg/ml,Oral solution,240,1977,31928.55,16.15,0.07,"Aurobindo Unit III, India",No,See DN-1180 (ID#:11033),See DN-1180 (ID#:11033),62.58
85572,102-BI-T30,FPQ-15406,SO-50280,DN-4178,Burundi,PMO - US,From RDC,N/A - From RDC,Air,11/19/2014,N/A - From RDC,29-May-15,25-Mar-15,30-Mar-15,ARV,Adult,SCMS from RDC,"Lamivudine/Tenofovir Disoproxil Fumarate 300/300mg, tablets, 30 Tabs",Lamivudine/Tenofovir Disoproxil Fumarate,Generic,300/300mg,Tablet - FDC,30,240,1101.6,4.59,0.15,Ranbaxy per Shasun Pharma,No,See DN-4178 (ID#:84460),See DN-4178 (ID#:84460),1.3
54513,116-ZA-T30,FPQ-4770,SCMS-60170,ASN-5934,South Africa,PMO - US,Direct Drop,DDP,Truck,12/17/2009,12/23/2009,28-Dec-09,28-Dec-09,28-Dec-09,ARV,Adult,S. BUYS WHOLESALER,"Lamivudine 150mg [Epivir], tablets, 60 Tabs",Lamivudine,Epivir,150mg,Tablet,60,3200,19098.79,5.97,0.1,GSK Cape Town Factory (South Africa),No,Weight Captured Separately,Freight Included in Commodity Cost,41.18
10833,112-NG-T01,Pre-PQ Process,SO-557,DN-172,Nigeria,PMO - US,From RDC,N/A - From RDC,,Pre-PQ Process,N/A - From RDC,26-Jun-07,26-Jun-07,26-Jun-07,ARV,Adult,SCMS from RDC,"Nevirapine 200mg, tablets, 60 Tabs",Nevirapine,Generic,200mg,Tablet,60,1198,4276.86,3.57,0.06,"Strides, Bangalore, India.",No,See DN-172 (ID#:10566),See DN-172 (ID#:10566),
21175,116-ZA-T30,FPQ-13214,SCMS-215410,ASN-23875,South Africa,PMO - US,Direct Drop,DDP,Truck,11/14/2013,12/2/2013,13-Jan-14,13-Jan-14,13-Jan-14,ARV,Adult,S. BUYS WHOLESALER,"Tenofovir Disoproxil Fumarate 300mg, tablets, 30 Tabs",Tenofovir Disoproxil Fumarate,Generic,300mg,Tablet,30,1485,27749.02,18.69,0.62,Hetero Unit III Hyderabad IN,No,Weight Captured Separately,Freight Included in Commodity Cost,28.53
10962,125-HT-T01,Pre-PQ Process,SO-1291,DN-686,Haiti,PMO - US,From RDC,N/A - From RDC,Air,Pre-PQ Process,N/A - From RDC,3-Apr-08,3-Apr-08,3-Apr-08,HRDT,HIV test,SCMS from RDC,"HIV 1/2, Determine HIV Kit, without Lancets, 100 Tests","HIV 1/2, Determine HIV Kit, without Lancets",Determine,,Test kit,100,25,1800.0,72.0,0.72,Inverness Japan,No,See DN-686 (ID#:10691),See DN-686 (ID#:10691),2.88
86627,114-UG-T30,FPQ-13094,SO-46820,DN-3414,Uganda,PMO - US,From RDC,N/A - From RDC,Air,10/11/2013,N/A - From RDC,16-Dec-13,20-Dec-13,8-Jan-14,ARV,Pediatric,SCMS from RDC,"Lamivudine/Nevirapine/Zidovudine 30/50/60mg, dispersible tablets, 60 Tabs",Lamivudine/Nevirapine/Zidovudine,Generic,30/50/60mg,Chewable/dispersible tablet - FDC,60,2277,8857.53,3.89,0.06,Mylan (formerly Matrix) Nashik,Yes,128,1611.43,9.11
85306,107-RW-T30,FPQ-9888,SO-42100,DN-2859,Rwanda,PMO - US,From RDC,N/A - From RDC,Air,5/11/2012,N/A - From RDC,19-Oct-12,18-Oct-12,18-Oct-12,ARV,Adult,SCMS from RDC,"Lamivudine/Tenofovir Disoproxil Fumarate 300/300mg, tablets, 30 Tabs",Lamivudine/Tenofovir Disoproxil Fumarate,Generic,300/300mg,Tablet - FDC,30,11492,63665.68,5.54,0.18,"Cipla, Kurkumbh, India",No,See DN-2859 (ID#:82512),See DN-2859 (ID#:82512),89.26
11058,105-GY-T01,Pre-PQ Process,SO-25161,DN-1302,Guyana,PMO - US,From RDC,N/A - From RDC,Air,Pre-PQ Process,N/A - From RDC,18-Jun-09,18-Jun-09,18-Jun-09,ARV,Adult,SCMS from RDC,"Zidovudine 300mg, tablets, 60 Tabs",Zidovudine,Generic,300mg,Tablet,60,810,6245.1,7.71,0.13,"Aurobindo Unit III, India",Yes,47,1000.51,12.24
82625,151-NG-T30,FPQ-12248,SO-47224,DN-3444,Nigeria,PMO - US,From RDC,N/A - From RDC,Air Charter,5/6/2013,N/A - From RDC,31-Dec-13,26-Nov-13,5-Dec-13,ARV,Pediatric,SCMS from RDC,"Lamivudine/Nevirapine/Zidovudine 30/50/60mg, dispersible tablets, 60 Tabs",Lamivudine/Nevirapine/Zidovudine,Generic,30/50/60mg,Chewable/dispersible tablet - FDC,60,70000,272300.0,3.89,0.06,Mylan (formerly Matrix) Nashik,Yes,3922,26340,336.84
62152,104-CI-T30,FPQ-4509,SCMS-56641,ASN-7108,Côte d'Ivoire,PMO - US,Direct Drop,CIP,Air,10/29/2009,11/9/2009,11-Jun-10,11-Jun-10,11-Jun-10,ARV,Pediatric,BRISTOL-MYERS SQUIBB,"Didanosine 50mg [Videx], chewable tablets, 60 Tabs",Didanosine,Videx,50mg,Chewable/dispersible tablet,60,1887,17926.5,9.5,0.16,"BMS Meymac, France",Yes,312,781.5,38.65
37037,113-ZW-T30,FPQ-13939,SCMS-240570,ASN-27584,Zimbabwe,PMO - US,Direct Drop,EXW,Air Charter,4/1/2014,5/27/2014,17-Sep-14,17-Sep-14,19-Sep-14,ARV,Adult,HETERO LABS LIMITED,"Lamivudine/Tenofovir Disoproxil Fumarate 300/300mg, tablets, 30 Tabs",Lamivudine/Tenofovir Disoproxil Fumarate,Generic,300/300mg,Tablet - FDC,30,42336,195592.32,4.62,0.15,Hetero Unit III Hyderabad IN,Yes,4601,28788.73,201.07
10541,111-MZ-T01,Pre-PQ Process,SO-324,DN-17,Mozambique,PMO - US,From RDC,N/A - From RDC,Air,Pre-PQ Process,N/A - From RDC,9-Jan-07,9-Jan-07,9-Jan-07,ARV,Adult,SCMS from RDC,"Tenofovir Disoproxil Fumarate 300mg [Viread], tablets, 30 Tabs",Tenofovir Disoproxil Fumarate,Viread,300mg,Tablet,30,747,12699.0,17.0,0.57,Gilead(Nycomed) Oranienburg DE,Yes,84,1338.04,
26898,106-HT-T30,FPQ-11065,SCMS-169350,ASN-18782,Haiti,PMO - US,Direct Drop,EXW,Air,11/26/2012,12/12/2012,25-Apr-13,25-Apr-13,25-Apr-13,HRDT,HIV test,"SHANGHAI KEHUA BIOENGINEERING CO.,LTD.  (KHB)","HIV 1/2, SKB Colloidal Gold, Diagnostic Kit, Antibody, 50 Tests","HIV 1/2, Colloidal Gold, Diagnostic Kit, Antibody",Colloidal Gold,,Test kit,1,250,6125.0,24.5,24.5,"KHB Test Kit Facility, Shanghai China",Yes,164,2179.49,7.58
82301,151-NG-T30,FPQ-4537,SO-35069,DN-1687,Nigeria,PMO - US,From RDC,N/A - From RDC,Air Charter,11/6/2009,N/A - From RDC,19-Apr-10,31-Mar-10,31-Mar-10,ARV,Adult,SCMS from RDC,"Lamivudine/Nevirapine/Zidovudine 150/200/300mg, tablets, 60 Tabs",Lamivudine/Nevirapine/Zidovudine,Generic,150/300/200mg,Tablet - FDC,60,2121,23797.62,11.22,0.19,"Aurobindo Unit III, India",Yes,248,Freight Included in Commodity Cost,51.31
85702,102-UG-T30,FPQ-6202,SO-37260,DN-1998,Uganda,PMO - US,From RDC,N/A - From RDC,Air,8/6/2010,N/A - From RDC,30-Sep-10,23-Aug-10,23-Aug-10,ARV,Adult,SCMS from RDC,"Lamivudine/Zidovudine 150/300mg, tablets, 60 Tabs",Lamivudine/Zidovudine,Generic,150/300mg,Tablet - FDC,60,2999,25641.45,8.55,0.14,Hetero Unit III Hyderabad IN,No,See DN-1998 (ID#:84589),See DN-1998 (ID#:84589),55.28
16255,103-KE-T30,FPQ-10018,SCMS-149610,ASN-15367,Kenya,PMO - US,Direct Drop,EXW,Air,6/5/2012,6/14/2012,9-Jul-12,9-Jul-12,9-Jul-12,HRDT,HIV test,"Orgenics, Ltd","HIV 1/2, Determine Complete HIV Kit, 100 Tests","HIV 1/2, Determine Complete HIV Kit",Determine,,Test kit,100,7999,711911.0,89.0,0.89,"Alere Medical Co., Ltd.",Yes,1378,14842.19,998.1
74492,107-RW-T30,FPQ-8742,SCMS-137540,ASN-14799,Rwanda,PMO - US,Direct Drop,EXW,Ocean,12/7/2011,4/3/2012,16-Jul-12,16-Jul-12,16-Jul-12,ARV,Adult,MYLAN LABORATORIES LTD (FORMERLY MATRIX LABORATORIES),"Efavirenz/Lamivudine/Tenofovir Disoproxil Fumarate 600/300/300mg, tablets, 30 Tabs",Efavirenz/Lamivudine/Tenofovir Disoproxil Fumarate,Generic,600/300/300mg,Tablet - FDC,30,39330,511290.0,13.0,0.43,Mylan (formerly Matrix) Nashik,Yes,4426,66916.5,716.83
38949,161-ZA-T30,FPQ-6262,SCMS-83880,ASN-10012,South Africa,PMO - US,Direct Drop,DDP,Air,8/31/2010,9/21/2010,7-Mar-11,7-Mar-11,7-Mar-11,ARV,Pediatric,ASPEN PHARMACARE,"Abacavir 20mg/ml [Ziagen], oral solution, Bottle, 240 ml",Abacavir,Ziagen,20mg/ml,Oral solution,240,40000,400800.0,10.02,0.04,GSK Mississauga (Canada),Yes,Weight Captured Separately,11770.87,864.12
83736,113-ZW-T30,FPQ-11545,SO-44360,DN-3413,Zimbabwe,PMO - US,From RDC,N/A - From RDC,Truck,1/24/2013,N/A - From RDC,30-Nov-13,25-Nov-13,9-Dec-13,ARV,Adult,SCMS from RDC,"Nevirapine 200mg, tablets, 60 Tabs",Nevirapine,Generic,200mg,Tablet,60,80000,184800.0,2.31,0.04,"Strides, Bangalore, India.",No,See DN-3413 (ID#:83181),See DN-3413 (ID#:83181),228.6
12535,123-NG-T01,Pre-PQ Process,SO-11231,DN-862,Nigeria,PMO - US,From RDC,N/A - From RDC,Air,Pre-PQ Process,N/A - From RDC,31-Jul-08,31-Jul-08,31-Jul-08,ARV,Adult,SCMS from RDC,"Emtricitabine/Tenofovir Disoproxil Fumarate 200/300mg [Truvada], tablets, 30 Tabs",Emtricitabine/Tenofovir Disoproxil Fumarate,Truvada,300/200mg,Tablet - FDC,30,20000,525000.0,26.25,0.88,"Aspen-OSD, Port Elizabeth, SA",Yes,1741,10665.71,840.0
86000,151-NG-T30,FPQ-11864,SO-44925,DN-3323,Nigeria,PMO - US,From RDC,N/A - From RDC,Air Charter,3/14/2013,N/A - From RDC,20-Sep-13,12-Sep-13,12-Sep-13,ARV,Pediatric,SCMS from RDC,"Lamivudine/Nevirapine/Zidovudine 30/50/60mg, dispersible tablets, 60 Tabs",Lamivudine/Nevirapine/Zidovudine,Generic,30/50/60mg,Chewable/dispersible tablet - FDC,60,46050,179134.5,3.89,0.06,Mylan (formerly Matrix) Nashik,Yes,2847,5703.06,221.59
82651,104-CI-T30,FPQ-12800,SO-46422,DN-3546,Côte d'Ivoire,PMO - US,From RDC,N/A - From RDC,Air,8/9/2013,N/A - From RDC,28-Feb-14,18-Feb-14,4-Mar-14,ARV,Adult,SCMS from RDC,"Lamivudine 150mg, tablets, 60 Tabs",Lamivudine,Generic,150mg,Tablet,60,1700,3791.0,2.23,0.04,"Aurobindo Unit III, India",Yes,2699,4063.81,4.69
84371,102-BI-T30,FPQ-13627,SO-47670,DN-3712,Burundi,PMO - US,From RDC,N/A - From RDC,Air,1/24/2014,N/A - From RDC,30-May-14,25-Jun-14,1-Jul-14,ARV,Adult,SCMS from RDC,"Lopinavir/Ritonavir 200/50mg, tablets, 120 Tabs",Lopinavir/Ritonavir,Generic,200/50mg,Tablet,120,200,4008.0,20.04,0.17,Mylan (formerly Matrix) Nashik,No,See DN-3712 (ID#:83795),See DN-3712 (ID#:83795),4.12
85129,151-NG-T30,FPQ-5023,SO-36471,DN-1935,Nigeria,PMO - US,From RDC,N/A - From RDC,Air,2/10/2010,N/A - From RDC,15-Jul-10,28-Jun-10,28-Jun-10,ARV,Adult,SCMS from RDC,"Lamivudine/Tenofovir Disoproxil Fumarate 300/300mg, tablets, 30 Tabs",Lamivudine/Tenofovir Disoproxil Fumarate,Generic,300/300mg,Tablet - FDC,30,20000,200000.0,10.0,0.33,Mylan (formerly Matrix) Nashik,Yes,1801,Freight Included in Commodity Cost,431.2
82670,110-ZM-T30,FPQ-13574,SO-47791,DN-3657,Zambia,PMO - US,From RDC,N/A - From RDC,Air,1/16/2014,N/A - From RDC,8-Apr-14,18-Apr-14,22-May-14,ARV,Pediatric,SCMS from RDC,"Nevirapine 10mg/ml, oral suspension w/syringe, Bottle, 240 ml",Nevirapine,Generic,10mg/ml,Oral suspension,240,1222,2175.16,1.78,0.01,"Aurobindo Unit III, India",Yes,825,6380.09,2.24
85079,106-HT-T30,FPQ-4469,SO-35190,DN-1592,Haiti,PMO - US,From RDC,N/A - From RDC,Air,9/23/2009,N/A - From RDC,25-Dec-09,21-Dec-09,21-Dec-09,ARV,Pediatric,SCMS from RDC,"Efavirenz 50mg, capsule, 30 Caps",Efavirenz,Generic,50mg,Capsule,30,572,1281.28,2.24,0.07,"Aurobindo Unit III, India",Yes,33,1062.95,2.76
51397,116-ZA-T30,FPQ-11828,SCMS-183950,ASN-19166,South Africa,South Africa Field Office,Direct Drop,DDP,Truck,3/18/2013,Date Not Captured,16-Apr-13,16-Apr-13,16-Apr-13,ARV,Adult,S. BUYS WHOLESALER,"Lamivudine/Zidovudine 150/300mg, tablets, 60 Tabs",Lamivudine/Zidovudine,Generic,150/300mg,Tablet - FDC,60,6658,94179.41,14.15,0.24,"Cipla, Goa, India",No,Weight Captured Separately,Freight Included in Commodity Cost,116.5
10549,111-MZ-T01,Pre-PQ Process,SO-293,DN-44,Mozambique,PMO - US,From RDC,N/A - From RDC,Air,Pre-PQ Process,N/A - From RDC,17-Apr-07,17-Apr-07,17-Apr-07,ARV,Adult,SCMS from RDC,"Saquinavir 200mg [Invirase], capsules, 270 Caps",Saquinavir,Invirase,200mg,Capsule,270,470,35856.3,76.29,0.28,Roche Basel,Yes,Weight Captured Separately,7364.3,
3202,106-HT-T01,Pre-PQ Process,SCMS-24060,ASN-2800,Haiti,PMO - US,Direct Drop,EXW,Air,Pre-PQ Process,5/23/2008,17-Nov-08,17-Nov-08,17-Nov-08,HRDT,HIV test,"Orgenics, Ltd","HIV 1/2, Determine HIV Kit, without Lancets, 100 Tests","HIV 1/2, Determine HIV Kit, without Lancets",Determine,,Test kit,100,1123,78610.0,70.0,0.7,Inverness Japan,Yes,257,2873.56,154.08
83471,200-DO-T30,FPQ-6616,SO-38030,DN-2066,Dominican Republic,PMO - US,From RDC,N/A - From RDC,Air,10/25/2010,N/A - From RDC,30-Nov-10,14-Dec-10,14-Dec-10,ARV,Adult,SCMS from RDC,"Lopinavir/Ritonavir 200/50mg, tablets, 120 Tabs",Lopinavir/Ritonavir,Generic,200/50mg,Tablet,120,1100,39600.0,36.0,0.3,"Aurobindo Unit III, India",No,See DN-2066 (ID#:83470),See DN-2066 (ID#:83470),65.34
14412,116-ZA-T30,FPQ-13973,SCMS-238555,ASN-29255,South Africa,PMO - US,Direct Drop,DDP,Truck,4/30/2014,11/4/2014,5-Nov-14,5-Nov-14,5-Nov-14,ARV,Adult,PHARMACY DIRECT,"Raltegravir 400mg [Isentress], tablets, 60 Tabs",Raltegravir,Isentress,400mg,Tablet,60,24,2031.3,84.64,1.41,"MSD, Haarlem, NL",Yes,Weight Captured Separately,Freight Included in Commodity Cost,2.09
83717,105-GY-T30,FPQ-12047,SO-45040,DN-3332,Guyana,PMO - US,From RDC,N/A - From RDC,Air,4/15/2013,N/A - From RDC,30-Sep-13,4-Oct-13,22-Oct-13,ARV,Pediatric,SCMS from RDC,"Efavirenz 200mg, scored tablets, 90 Tabs",Efavirenz,Generic,200mg,Tablet,90,98,911.4,9.3,0.1,"Strides, Bangalore, India.",Yes,7,4317.96,1.13
11140,104-CI-T01,Pre-PQ Process,SO-701,DN-271,Côte d'Ivoire,PMO - US,From RDC,N/A - From RDC,,Pre-PQ Process,N/A - From RDC,14-Aug-07,14-Aug-07,14-Aug-07,ARV,Adult,SCMS from RDC,"Lamivudine/Stavudine 150/30mg, tablets, 30 Tabs",Lamivudine/Stavudine,Generic,150/30mg,Tablet - FDC,30,86821,173642.0,2.0,0.07,"Cipla, Goa, India",Yes,5697,14893,277.83
56734,161-ZA-T30,FPQ-7175,SCMS-103480,ASN-11804,South Africa,PMO - US,Direct Drop,DDP,Ocean,3/10/2011,3/24/2011,4-Jan-12,4-Jan-12,4-Jan-12,ARV,Adult,Aurobindo Pharma Limited,"Abacavir 300mg, tablets, 60 Tabs",Abacavir,Generic,300mg,Tablet,60,23845,356005.85,14.93,0.25,"Aurobindo Unit III, India",Yes,2283,3649.67,587.41
86431,106-HT-T30,FPQ-7653,SO-39744,DN-2470,Haiti,PMO - US,From RDC,N/A - From RDC,Air,5/11/2011,N/A - From RDC,31-Jan-12,17-Jan-12,17-Jan-12,ARV,Adult,SCMS from RDC,"Efavirenz 600mg, tablets, 30 Tabs",Efavirenz,Generic,600mg,Tablet,30,33600,141792.0,4.22,0.14,"Strides, Bangalore, India.",Yes,2047,20746.03,233.96
84429,114-UG-T30,FPQ-14396,SO-48973,DN-4019,Uganda,PMO - US,From RDC,N/A - From RDC,Truck,6/4/2014,N/A - From RDC,15-Jan-15,17-Dec-14,22-Dec-14,ARV,Adult,SCMS from RDC,"Efavirenz 600mg, tablets, 30 Tabs",Efavirenz,Generic,600mg,Tablet,30,52500,168525.0,3.21,0.11,"Strides, Bangalore, India.",Yes,10119,6852.08,173.24
55085,107-RW-T30,FPQ-8741,SCMS-129520,ASN-15268,Rwanda,PMO - US,Direct Drop,EXW,Ocean,11/30/2011,3/9/2012,27-Aug-12,27-Aug-12,27-Aug-12,ARV,Pediatric,CIPLA LIMITED,"Lamivudine 10mg/ml, oral solution, Bottle, 240 ml",Lamivudine,Generic,10mg/ml,Oral solution,240,7840,13720.0,1.75,0.01,"Cipla, Goa, India",Yes,2995,20193.21,19.24
83195,103-ZW-T30,FPQ-12086,SO-45130,DN-3457,Zimbabwe,PMO - US,From RDC,N/A - From RDC,Truck,4/19/2013,N/A - From RDC,31-Jan-14,13-Jan-14,23-Jan-14,ARV,Pediatric,SCMS from RDC,"Abacavir 20mg/ml, oral solution w/syringe, Bottle, 240 ml",Abacavir,Generic,20mg/ml,Oral solution,240,194,1650.94,8.51,0.04,"Aurobindo Unit III, India",No,See DN-3457 (ID#:82626),See DN-3457 (ID#:82626),2.04
82315,111-MZ-T30,FPQ-4711,SO-35750,DN-1795,Mozambique,PMO - US,From RDC,N/A - From RDC,Truck,12/23/2009,N/A - From RDC,21-Jun-10,14-Jun-10,14-Jun-10,ARV,Adult,SCMS from RDC,"Efavirenz 600mg, tablets, 30 Tabs",Efavirenz,Generic,600mg,Tablet,30,12250,58187.5,4.75,0.16,Mylan (formerly Matrix) Nashik,Yes,1866,10959.63,125.45
86485,113-ZW-T30,FPQ-8464,SO-40891,DN-2694,Zimbabwe,PMO - US,From RDC,N/A - From RDC,Truck,10/4/2011,N/A - From RDC,16-Oct-12,27-Jun-12,27-Jun-12,ARV,Adult,SCMS from RDC,"Lamivudine/Nevirapine/Stavudine 150/200/30mg, tablets, 60 Tabs",Lamivudine/Nevirapine/Stavudine,Generic,150/200/30mg,Tablet - FDC,60,71030,333841.0,4.7,0.08,"Strides, Bangalore, India.",No,See DN-2694 (ID#:82483),See DN-2694 (ID#:82483),550.84
83619,102-CD-T30,FPQ-9906,SO-42340,DN-2812,"Congo, DRC",PMO - US,From RDC,N/A - From RDC,Air,5/15/2012,N/A - From RDC,14-Feb-13,14-Feb-13,14-Feb-13,ARV,Pediatric,SCMS from RDC,"Nevirapine 10mg/ml, oral suspension w/syringe, Bottle, 240 ml",Nevirapine,Generic,10mg/ml,Oral suspension,240,6172,12035.4,1.95,0.01,"Aurobindo Unit III, India",No,See DN-2812 (ID#:83068),See DN-2812 (ID#:83068),16.87
11321,100-GH-T01,Pre-PQ Process,SO-30700,DN-1235,Ghana,PMO - US,From RDC,N/A - From RDC,Truck,Date Not Captured,N/A - From RDC,12-Aug-09,12-Aug-09,12-Aug-09,ARV,Pediatric,SCMS from RDC,"Didanosine 100mg, chewable/dispersible tablets, 60 Tabs",Didanosine,Generic,100mg,Chewable/dispersible tablet,60,888,8.88,0.01,0.0,"Aurobindo Unit III, India",No,See DN-1235 (ID#:10769),See DN-1235 (ID#:10769),0.02
71893,106-HT-T30,FPQ-14895,SCMS-260970,ASN-31106,Haiti,PMO - US,Direct Drop,EXW,Ocean,9/24/2014,11/14/2014,25-May-15,25-May-15,26-May-15,ARV,Adult,CIPLA LIMITED,"Efavirenz 600mg, tablets, 30 Tabs",Efavirenz,Generic,600mg,Tablet,30,21203,68697.72,3.24,0.11,"Cipla, Goa, India",Yes,2471,4532.44,70.62
84707,101-CD-T30,FPQ-8840,SO-41386,DN-2527,"Congo, DRC",PMO - US,From RDC,N/A - From RDC,Air,11/21/2011,N/A - From RDC,22-Mar-12,22-Mar-12,22-Mar-12,ARV,Adult,SCMS from RDC,"Lamivudine 150mg, tablets, 60 Tabs",Lamivudine,Generic,150mg,Tablet,60,24,55.92,2.33,0.04,Hetero Unit III Hyderabad IN,Yes,2,522.42,0.08
82815,114-UG-T30,FPQ-15294,SO-50055,DN-4325,Uganda,PMO - US,From RDC,N/A - From RDC,Truck,11/3/2014,N/A - From RDC,14-Aug-15,8-Aug-15,10-Aug-15,ARV,Adult,SCMS from RDC,"Abacavir/Lamivudine 600/300mg, tablets, 30 Tabs",Abacavir/Lamivudine,Generic,600/300mg,Tablet - FDC,30,6324,82907.64,13.11,0.44,Mylan (formerly Matrix) Nashik,Yes,Weight Captured Separately,Invoiced Separately,97.58
82578,111-MZ-T30,FPQ-11033,SO-43770,DN-3182,Mozambique,PMO - US,From RDC,N/A - From RDC,Truck,11/12/2012,N/A - From RDC,26-Jul-13,26-Jul-13,26-Jul-13,ARV,Adult,SCMS from RDC,"Lamivudine/Nevirapine/Zidovudine 150/200/300mg, tablets, 60 Tabs",Lamivudine/Nevirapine/Zidovudine,Generic,150/300/200mg,Tablet - FDC,60,170900,1466322.0,8.58,0.14,"Cipla, Goa, India",Yes,Weight Captured Separately,Freight Included in Commodity Cost,1813.84
28268,116-ZA-T30,FPQ-15269,SCMS-267090,ASN-29761,South Africa,PMO - US,Direct Drop,DDP,Truck,10/29/2014,12/10/2014,10-Dec-14,10-Dec-14,10-Dec-14,ARV,Pediatric,S. BUYS WHOLESALER,"Lopinavir/Ritonavir 80/20mg/ml [Kaletra], oral solution, cool, Bottle 5 x 60 ml",Lopinavir/Ritonavir,Kaletra,80/20mg/ml,Oral solution,300,3,62.04,20.68,0.07,ABBVIE (Abbott) Logis. UK,Yes,Weight Captured Separately,Freight Included in Commodity Cost,0.07
86265,104-CI-T30,FPQ-4659,SO-35810,DN-1641,Côte d'Ivoire,PMO - US,From RDC,N/A - From RDC,Air,12/8/2009,N/A - From RDC,10-May-10,15-Feb-10,15-Feb-10,ARV,Adult,SCMS from RDC,"Nevirapine 200mg, tablets, 60 Tabs",Nevirapine,Generic,200mg,Tablet,60,4149,11326.77,2.73,0.05,"Aurobindo Unit III, India",Yes,394,1083.3,24.42
82512,107-RW-T30,FPQ-9888,SO-42100,DN-2859,Rwanda,PMO - US,From RDC,N/A - From RDC,Air,5/11/2012,N/A - From RDC,19-Oct-12,18-Oct-12,18-Oct-12,ARV,Adult,SCMS from RDC,"Lamivudine/Tenofovir Disoproxil Fumarate 300/300mg, tablets, 30 Tabs",Lamivudine/Tenofovir Disoproxil Fumarate,Generic,300/300mg,Tablet - FDC,30,36390,201600.6,5.54,0.18,Mylan (formerly Matrix) Nashik,Yes,3863,23249.47,282.64
84630,104-CI-T30,FPQ-6144,SO-38480,DN-2138,Côte d'Ivoire,PMO - US,From RDC,N/A - From RDC,Air,8/3/2010,N/A - From RDC,15-Mar-11,29-Mar-11,29-Mar-11,ARV,Pediatric,SCMS from RDC,"Didanosine 200mg, chewable/dispersible tablets, 60 Tabs",Didanosine,Generic,200mg,Chewable/dispersible tablet,60,3008,46624.0,15.5,0.26,"Aurobindo Unit III, India",No,See DN-2138 (ID#:83491),See DN-2138 (ID#:83491),100.52
11259,100-ZW-T01,Pre-PQ Process,SO-713,DN-687,Zimbabwe,PMO - US,From RDC,N/A - From RDC,Air,Pre-PQ Process,N/A - From RDC,30-Mar-08,30-Mar-08,30-Mar-08,ARV,Adult,SCMS from RDC,"Efavirenz 600mg, tablets, 30 Tabs",Efavirenz,Generic,600mg,Tablet,30,1233,15313.86,12.42,0.41,Mylan (formerly Matrix) Nashik,No,See DN-687 (ID#:10697),See DN-687 (ID#:10697),24.5
54829,108-VN-T30,FPQ-10287,SCMS-156160,ASN-16915,Vietnam,PMO - US,Direct Drop,EXW,Air,7/25/2012,8/15/2012,15-Nov-12,15-Nov-12,15-Nov-12,ARV,Adult,CIPLA LIMITED,"Zidovudine 300mg, tablets, 60 Tabs",Zidovudine,Generic,300mg,Tablet,60,1475,9735.0,6.6,0.11,"Cipla, Goa, India",Yes,96,678.83,13.65
438,108-VN-T01,Pre-PQ Process,SCMS-20310,ASN-1923,Vietnam,PMO - US,Direct Drop,CIP,Air,Pre-PQ Process,3/31/2008,12-Jul-08,12-Jul-08,12-Jul-08,ARV,Pediatric,BRISTOL-MYERS SQUIBB,"Didanosine 25mg [Videx], chewable tablets, 60 Tabs",Didanosine,Videx,25mg,Chewable/dispersible tablet,60,400,2800.0,7.0,0.12,"BMS Meymac, France",Yes,81,2211.05,4.48
62662,105-SS-T30,FPQ-15569,SCMS-272160,ASN-31323,South Sudan,PMO - US,Direct Drop,EXW,Air,12/29/2014,2/20/2015,3-Jun-15,3-Jun-15,5-Jun-15,HRDT,HIV test - Ancillary,"Orgenics, Ltd","Capillary Tubes, for Determine, EDTA, 50uL,100 Pcs","HIV, Capillary Tubes, for Determine, EDTA, 50uL,100 Pcs",Determine,,Test kit - Ancillary,100,20,160.0,8.0,0.08,"Alere Medical Co., Ltd.",No,See ASN-31323 (ID#:14240),See ASN-31323 (ID#:14240),0.19
11541,114-UG-T01,Pre-PQ Process,SO-1301,DN-480,Uganda,PMO - US,From RDC,N/A - From RDC,Air,Pre-PQ Process,N/A - From RDC,19-Mar-08,19-Mar-08,19-Mar-08,ARV,Adult,SCMS from RDC,"Lamivudine/Stavudine 150/30mg, tablets, 30 Tabs",Lamivudine/Stavudine,Generic,150/30mg,Tablet - FDC,30,300,600.0,2.0,0.07,"Cipla, Goa, India",No,See DN-480 (ID#:10693),See DN-480 (ID#:10693),0.96
85438,114-UG-T30,FPQ-13108,SO-46881,DN-3527,Uganda,PMO - US,From RDC,N/A - From RDC,Air,10/16/2013,N/A - From RDC,28-Feb-14,21-Feb-14,4-Apr-14,ARV,Adult,SCMS from RDC,"Nevirapine 200mg, tablets, 60 Tabs",Nevirapine,Generic,200mg,Tablet,60,23819,53830.94,2.26,0.04,"Strides, Bangalore, India.",Yes,1447,8854.24,55.34
83963,104-CI-T30,FPQ-4378,SO-34460,DN-1527,Côte d'Ivoire,PMO - US,From RDC,N/A - From RDC,Air,10/15/2009,N/A - From RDC,30-Nov-09,2-Dec-09,2-Dec-09,ARV,Adult,SCMS from RDC,"Abacavir 300mg, tablets, 60 Tabs",Abacavir,Generic,300mg,Tablet,60,2590,55477.8,21.42,0.36,Mylan (formerly Matrix) Nashik,Yes,257,1211.48,108.74
5201,104-CI-T01,Pre-PQ Process,SCMS-42241,ASN-4812,Côte d'Ivoire,PMO - US,Direct Drop,CIP,Air,Pre-PQ Process,3/30/2009,15-Sep-09,15-Sep-09,15-Sep-09,ARV,Pediatric,ABBVIE LOGISTICS (FORMERLY ABBOTT LOGISTICS BV),"Lopinavir/Ritonavir 80/20mg/ml [Kaletra], oral solution, cool, Bottle 5 x 60 ml",Lopinavir/Ritonavir,Kaletra,80/20mg/ml,Oral solution,300,20,822.0,41.1,0.14,ABBVIE (Abbott) Logis. UK,Yes,Weight Captured Separately,Freight Included in Commodity Cost,1.61
84762,151-NG-T30,FPQ-9968,SO-42687,DN-2906,Nigeria,PMO - US,From RDC,N/A - From RDC,Air,5/23/2012,N/A - From RDC,6-Nov-12,6-Nov-12,6-Nov-12,ARV,Pediatric,SCMS from RDC,"Efavirenz 200mg, capsule, 90 Caps",Efavirenz,Generic,200mg,Capsule,90,2548,21046.48,8.26,0.09,"Aurobindo Unit III, India",Yes,370,15459.09,29.51
3746,116-ZA-T01,Pre-PQ Process,SCMS-41080,ASN-3637,South Africa,PMO - US,Direct Drop,DDP,Air,Pre-PQ Process,Date Not Captured,26-May-09,22-Jan-09,22-Jan-09,ARV,Pediatric,S. BUYS WHOLESALER,"Stavudine 1mg/ml, powder for oral solution, 200 ml",Stavudine,Generic,1mg/ml,Oral solution,200,3000,5970.0,1.99,0.01,"Aurobindo Unit III, India",Yes,Weight Captured Separately,Freight Included in Commodity Cost,11.7
84791,114-UG-T30,FPQ-11143,SO-43940,DN-3034,Uganda,PMO - US,From RDC,N/A - From RDC,Air,12/13/2012,N/A - From RDC,29-Mar-13,1-Mar-13,1-Mar-13,ARV,Adult,SCMS from RDC,"Lamivudine/Zidovudine 150/300mg, tablets, 60 Tabs",Lamivudine/Zidovudine,Generic,150/300mg,Tablet - FDC,60,25680,186693.6,7.27,0.12,"Aurobindo Unit III, India",Yes,3988,39037.7,230.94
11151,104-CI-T01,Pre-PQ Process,SO-922,DN-318,Côte d'Ivoire,PMO - US,From RDC,N/A - From RDC,,Pre-PQ Process,N/A - From RDC,10-Sep-07,10-Sep-07,10-Sep-07,ARV,Adult,SCMS from RDC,"Efavirenz 600mg, tablets, 30 Tabs",Efavirenz,Generic,600mg,Tablet,30,25037,407101.62,16.26,0.54,"Aurobindo Unit III, India",Yes,2213,18101.32,651.36
84918,105-GY-T30,FPQ-13071,SO-46801,DN-3639,Guyana,PMO - US,From RDC,N/A - From RDC,Air,10/9/2013,N/A - From RDC,5-May-14,25-Apr-14,13-May-14,ARV,Pediatric,SCMS from RDC,"Abacavir 20mg/ml, oral solution w/syringe, Bottle, 240 ml",Abacavir,Generic,20mg/ml,Oral solution,240,30,251.4,8.38,0.03,"Aurobindo Unit III, India",Yes,11,871.8,0.26
12549,106-HT-T01,Pre-PQ Process,SO-15930,DN-944,Haiti,PMO - US,From RDC,N/A - From RDC,Air,Pre-PQ Process,N/A - From RDC,4-Nov-08,4-Nov-08,4-Nov-08,ARV,Adult,SCMS from RDC,"Efavirenz 600mg, tablets, 30 Tabs",Efavirenz,Generic,600mg,Tablet,30,24599,270589.0,11.0,0.37,"Aurobindo Unit III, India",No,See DN-944 (ID#:11012),See DN-944 (ID#:11012),530.35
9815,113-ZW-T01,Pre-PQ Process,SCMS-25300,ASN-2997,Zimbabwe,PMO - US,Direct Drop,EXW,Air,Pre-PQ Process,6/12/2008,22-Jan-09,22-Jan-09,22-Jan-09,HRDT,HIV test - Ancillary,"Orgenics, Ltd","HIV, Lancet, Safety, for HIV Test kits, 100 Pcs","HIV, Lancet, Safety, for HIV Test kits, 100 Pcs",Generic,,Test kit - Ancillary,100,1396,13.96,0.01,0.0,Inverness Japan,No,See ASN-2997 (ID#:5860),See ASN-2997 (ID#:5860),0.03
49760,116-ZA-T30,FPQ-13973,SCMS-238555,ASN-29257,South Africa,PMO - US,Direct Drop,DDP,Truck,4/30/2014,11/4/2014,5-Nov-14,5-Nov-14,5-Nov-14,ARV,Adult,PHARMACY DIRECT,"Didanosine 250mg, delayed-release capsules, 30 Caps",Didanosine,Generic,250mg,Delayed-release capsules,30,6,91.48,15.25,0.51,"Aurobindo Unit III, India",No,Weight Captured Separately,Freight Included in Commodity Cost,0.09
85723,110-ZM-T30,FPQ-6221,SO-37320,DN-2054,Zambia,PMO - US,From RDC,N/A - From RDC,Truck,8/20/2010,N/A - From RDC,31-Dec-10,25-Nov-10,25-Nov-10,ARV,Adult,SCMS from RDC,"Lamivudine/Zidovudine 150/300mg, tablets, 60 Tabs",Lamivudine/Zidovudine,Generic,150/300mg,Tablet - FDC,60,75000,641250.0,8.55,0.14,"Aurobindo Unit III, India",No,See DN-2054 (ID#:83465),See DN-2054 (ID#:83465),1382.54
83310,151-NG-T30,FPQ-14766,SO-49684,DN-4133,Nigeria,PMO - US,From RDC,N/A - From RDC,Air Charter,8/13/2014,N/A - From RDC,28-Feb-15,5-Feb-15,10-Feb-15,ARV,Adult,SCMS from RDC,"Lamivudine/Nevirapine/Zidovudine 150/200/300mg, tablets, 60 Tabs",Lamivudine/Nevirapine/Zidovudine,Generic,150/300/200mg,Tablet - FDC,60,20000,154400.0,7.72,0.13,Hetero Unit III Hyderabad IN,Yes,2924,5668.63,158.72
85107,151-NG-T30,FPQ-4537,SO-36008,DN-1794,Nigeria,PMO - US,From RDC,N/A - From RDC,Air Charter,11/6/2009,N/A - From RDC,31-May-10,18-May-10,18-May-10,ARV,Adult,SCMS from RDC,"Lamivudine/Nevirapine/Zidovudine 150/200/300mg, tablets, 60 Tabs",Lamivudine/Nevirapine/Zidovudine,Generic,150/300/200mg,Tablet - FDC,60,45000,504900.0,11.22,0.19,"Aurobindo Unit III, India",No,See DN-1794 (ID#:83421),See DN-1794 (ID#:83421),1088.56
51871,161-ZA-T30,FPQ-6708,SCMS-93640,ASN-9950,South Africa,PMO - US,Direct Drop,DDP,Ocean,11/26/2010,12/14/2010,5-Apr-11,8-Apr-11,8-Apr-11,ARV,Adult,CIPLA LIMITED,"Tenofovir Disoproxil Fumarate 300mg, tablets, 30 Tabs",Tenofovir Disoproxil Fumarate,Generic,300mg,Tablet,30,44293,303849.98,6.86,0.23,"Cipla, Goa, India",Yes,2951,5567.75,501.35
82763,105-GY-T30,FPQ-15217,SO-50040,DN-4057,Guyana,PMO - US,From RDC,N/A - From RDC,Air,10/22/2014,N/A - From RDC,31-Mar-15,6-Jan-15,29-Jan-15,ARV,Adult,SCMS from RDC,"Lopinavir/Ritonavir 200/50mg [Aluvia], tablets, 120 Tabs",Lopinavir/Ritonavir,Aluvia,200/50mg,Tablet,120,1184,22377.6,18.9,0.16,ABBVIE Ludwigshafen Germany,Yes,251,3247.35,26.34
12125,105-GY-T01,Pre-PQ Process,SO-1233,DN-416,Guyana,PMO - US,From RDC,N/A - From RDC,Air,Pre-PQ Process,N/A - From RDC,7-Nov-07,7-Nov-07,7-Nov-07,ARV,Adult,SCMS from RDC,"Lamivudine/Zidovudine 150/300mg, tablets, 60 Tabs",Lamivudine/Zidovudine,Generic,150/300mg,Tablet - FDC,60,1848,17556.0,9.5,0.16,"Aurobindo Unit III, India",Yes,402,4807,28.09
54246,116-ZA-T30,FPQ-11828,SCMS-183950,ASN-19166,South Africa,South Africa Field Office,Direct Drop,DDP,Truck,3/18/2013,Date Not Captured,16-Apr-13,16-Apr-13,16-Apr-13,ARV,Adult,S. BUYS WHOLESALER,"Zidovudine 300mg, tablets, 60 Tabs",Zidovudine,Generic,300mg,Tablet,60,53,1337.93,25.24,0.42,"Aurobindo Unit III, India",No,Weight Captured Separately,Freight Included in Commodity Cost,1.66
12452,104-CI-T01,Pre-PQ Process,SO-1657,DN-568,Côte d'Ivoire,PMO - US,From RDC,N/A - From RDC,Air,Pre-PQ Process,N/A - From RDC,25-Jan-08,25-Jan-08,25-Jan-08,ARV,Adult,SCMS from RDC,"Lopinavir/Ritonavir 200/50mg [Aluvia], tablets, 120 Tabs",Lopinavir/Ritonavir,Aluvia,200/50mg,Tablet,120,2121,87173.1,41.1,0.34,ABBVIE Ludwigshafen Germany,Yes,465,2206,139.48
36277,106-HT-T30,FPQ-6086,SCMS-80640,ASN-8012,Haiti,PMO - US,Direct Drop,EXW,Air,7/19/2010,7/30/2010,1-Oct-10,1-Oct-10,1-Oct-10,HRDT,HIV test,Orasure Technologies Inc.,"HIV 1/2, OraQuick Advance HIV Rapid Antibody Kit, 100 Tests","HIV 1/2, OraQuick Advance HIV Rapid Antibody Kit",OraQuick,,Test kit,100,100,35000.0,350.0,3.5,"Orasure Technologies, Inc",Yes,240,4355.7,75.46
22661,106-HT-T30,FPQ-13797,SCMS-233970,ASN-27796,Haiti,PMO - US,Direct Drop,EXW,Air,3/20/2014,4/30/2014,14-Oct-14,14-Oct-14,20-Oct-14,ARV,Adult,CIPLA LIMITED,"Lamivudine/Nevirapine/Zidovudine 150/200/300mg, tablets, 60 Tabs",Lamivudine/Nevirapine/Zidovudine,Generic,150/300/200mg,Tablet - FDC,60,19835,160663.5,8.1,0.13,"Cipla, Goa, India",Yes,2866,17036.99,165.16
27092,114-UG-T30,FPQ-11141,SCMS-173430,ASN-20630,Uganda,PMO - US,Direct Drop,FCA,Air,12/13/2012,2/4/2013,26-Jul-13,26-Jul-13,26-Jul-13,ARV,Pediatric,ABBVIE LOGISTICS (FORMERLY ABBOTT LOGISTICS BV),"Lopinavir/Ritonavir 100/25mg [Aluvia], tablets, 60 Tabs",Lopinavir/Ritonavir,Generic,100/25mg,Tablet,60,2565,15236.1,5.94,0.1,ABBVIE Ludwigshafen Germany,Yes,304,2808.12,18.85
12086,109-TZ-T01,Pre-PQ Process,SO-457,DN-292,Tanzania,PMO - US,From RDC,N/A - From RDC,Air,Pre-PQ Process,N/A - From RDC,29-Aug-07,29-Aug-07,29-Aug-07,ARV,Adult,SCMS from RDC,"Lamivudine/Zidovudine 150/300mg, tablets, 60 Tabs",Lamivudine/Zidovudine,Generic,150/300mg,Tablet - FDC,60,29489,314942.52,10.68,0.18,"Aurobindo Unit III, India",Yes,2670,7533,503.91
1820,106-HT-T01,Pre-PQ Process,SCMS-23980,ASN-2640,Haiti,PMO - US,Direct Drop,EXW,Air,Pre-PQ Process,5/23/2008,27-Oct-08,27-Oct-08,27-Oct-08,HRDT,HIV test,"Orgenics, Ltd","HIV 1/2, Determine HIV Kit, without Lancets, 100 Tests","HIV 1/2, Determine HIV Kit, without Lancets",Determine,,Test kit,100,1123,78610.0,70.0,0.7,Inverness Japan,Yes,257,2851.72,154.08
42215,105-SS-T30,FPQ-15569,SCMS-272170,ASN-32107,South Sudan,PMO - US,Direct Drop,EXW,Air,12/29/2014,2/20/2015,2-Jul-15,7-Jul-15,7-Jul-15,HRDT,HIV test - Ancillary,"Orgenics, Ltd","Chase Buffer, Determine, 100 Tests, 2.5ml x 1 Vial","Chase Buffer, Determine, 100 Tests, 2.5ml x 1 Vial",Determine,,Test kit - Ancillary,1,50,250.0,5.0,5.0,"Alere Medical Co., Ltd.",No,See ASN-32107 (ID#:16391),See ASN-32107 (ID#:16391),0.29
34010,114-UG-T30,FPQ-15303,SCMS-264961,ASN-32047,Uganda,PMO - US,Direct Drop,EXW,Air,11/11/2014,11/25/2014,26-May-15,26-May-15,1-Jun-15,ARV,Adult,EMCURE PHARMACEUTICALS LTD,"Atazanavir/Ritonavir 300/100mg, tablets, 30 Tabs",Atazanavir/Ritonavir,Generic,300/100mg,Tablet,30,1000,18000.0,18.0,0.6,"Emcure Plot No.P-2, I.T-B.T. Park, Phase II, MIDC, Hinjwadi, Pune, India",Yes,132,1329.99,21.19
12716,110-ZM-T01,Pre-PQ Process,SO-977,DN-396,Zambia,PMO - US,From RDC,N/A - From RDC,,Pre-PQ Process,N/A - From RDC,12-Nov-07,12-Nov-07,12-Nov-07,ARV,Pediatric,SCMS from RDC,"Nevirapine 10mg/ml, oral suspension, Bottle, 240 ml",Nevirapine,Generic,10mg/ml,Oral suspension,240,10996,68175.2,6.2,0.03,"Aurobindo Unit III, India",Yes,3967,13094.92,109.08
50255,108-VN-T30,FPQ-4265,SCMS-57130,ASN-6266,Vietnam,PMO - US,Direct Drop,EXW,Air,10/20/2009,11/13/2009,19-Mar-10,19-Mar-10,19-Mar-10,ARV,Adult,Aurobindo Pharma Limited,"Stavudine 30mg, capsules, 60 Caps",Stavudine,Generic,30mg,Capsule,60,10416,15103.2,1.45,0.02,"Aurobindo Unit III, India",No,See ASN-6266 (ID#:15368),See ASN-6266 (ID#:15368),29.6
24983,106-HT-T30,FPQ-15038,SCMS-263170,ASN-31572,Haiti,PMO - US,Direct Drop,EXW,Air,10/22/2014,12/24/2014,11-May-15,11-May-15,13-May-15,ARV,Adult,Aurobindo Pharma Limited,"Lamivudine/Nevirapine/Zidovudine 150/200/300mg, tablets, 60 Tabs",Lamivudine/Nevirapine/Zidovudine,Generic,150/300/200mg,Tablet - FDC,60,24000,196800.0,8.2,0.14,"Aurobindo Unit III, India",Yes,Weight Captured Separately,Invoiced Separately,202.31
82680,114-UG-T30,FPQ-13108,SO-46875,DN-3732,Uganda,PMO - US,From RDC,N/A - From RDC,Truck,10/16/2013,N/A - From RDC,30-Jun-14,30-Jun-14,1-Jul-14,ARV,Adult,SCMS from RDC,"Lamivudine/Nevirapine/Zidovudine 150/200/300mg, tablets, 60 Tabs",Lamivudine/Nevirapine/Zidovudine,Generic,150/300/200mg,Tablet - FDC,60,100000,811000.0,8.11,0.14,"Aurobindo Unit III, India",Yes,18737,9857.35,833.71
11361,109-TZ-T01,Pre-PQ Process,SO-31284,DN-1565,Tanzania,PMO - US,From RDC,N/A - From RDC,Truck,Date Not Captured,N/A - From RDC,14-Jan-10,14-Jan-10,14-Jan-10,ARV,Adult,SCMS from RDC,"Abacavir 300mg, tablets, 60 Tabs",Abacavir,Generic,300mg,Tablet,60,6376,136573.92,21.42,0.36,"Aurobindo Unit III, India",Yes,640,2751,294.45
23967,116-ZA-T30,FPQ-13973,SCMS-238555,ASN-29257,South Africa,PMO - US,Direct Drop,DDP,Truck,4/30/2014,11/4/2014,5-Nov-14,5-Nov-14,5-Nov-14,ARV,Adult,PHARMACY DIRECT,"Abacavir 300mg, tablets, 60 Tabs",Abacavir,Generic,300mg,Tablet,60,84,5795.22,68.99,1.15,"Aurobindo Unit III, India",No,Weight Captured Separately,Freight Included in Commodity Cost,5.96
82958,100-GH-T30,FPQ-7799,SO-39940,DN-2259,Ghana,PMO - US,From RDC,N/A - From RDC,Air,6/6/2011,N/A - From RDC,4-Jul-11,15-Jul-11,15-Jul-11,ARV,Adult,SCMS from RDC,"Lamivudine/Zidovudine 150/300mg, tablets, 60 Tabs",Lamivudine/Zidovudine,Generic,150/300mg,Tablet - FDC,60,29998,247783.48,8.26,0.14,"Aurobindo Unit III, India",Yes,3274,21881.71,408.84
16881,106-HT-T30,FPQ-14083,SCMS-240191,ASN-27659,Haiti,PMO - US,Direct Drop,EXW,Ocean,5/11/2014,6/26/2014,28-Oct-14,28-Oct-14,19-Nov-14,ARV,Pediatric,Aurobindo Pharma Limited,"Zidovudine 10mg/ml, oral solution, Bottle, 240 ml",Zidovudine,Generic,10mg/ml,Oral solution,240,2040,4080.0,2.0,0.01,"Aurobindo Unit III, India",Yes,Weight Captured Separately,Invoiced Separately,4.19
85705,117-ET-T30,FPQ-5581,SO-36680,DN-2006,Ethiopia,PMO - US,From RDC,N/A - From RDC,Air,4/28/2010,N/A - From RDC,15-Sep-10,13-Sep-10,13-Sep-10,ARV,Adult,SCMS from RDC,"Lamivudine 150mg, tablets, 60 Tabs",Lamivudine,Generic,150mg,Tablet,60,1800,4194.0,2.33,0.04,"Aurobindo Unit III, India",Yes,74,530.36,9.04
63044,108-VN-T30,FPQ-4265,SCMS-56310,ASN-6252,Vietnam,PMO - US,Direct Drop,EXW,Air,10/20/2009,11/3/2009,22-Mar-10,22-Mar-10,22-Mar-10,ARV,Adult,MYLAN LABORATORIES LTD (FORMERLY MATRIX LABORATORIES),"Tenofovir Disoproxil Fumarate 300mg, tablets, 30 Tabs",Tenofovir Disoproxil Fumarate,Generic,300mg,Tablet,30,4872,36540.0,7.5,0.25,Mylan (formerly Matrix) Nashik,No,See ASN-6252 (ID#:36969),See ASN-6252 (ID#:36969),71.62
12513,100-PK-T01,Pre-PQ Process,SO-2497,DN-741,Pakistan,PMO - US,From RDC,N/A - From RDC,Air,Pre-PQ Process,N/A - From RDC,20-May-08,20-May-08,20-May-08,HRDT,HIV test,SCMS from RDC,"HIV 1/2, Uni-Gold HIV Kit, 20 Tests","HIV 1/2, Uni-Gold HIV Kit",Uni-Gold,,Test kit,20,10,320.0,32.0,1.6,"Trinity Biotech, Plc",Yes,3,400.75,0.51
20560,105-GH-T30,FPQ-13872,SCMS-235810,ASN-27124,Ghana,PMO - US,Direct Drop,FCA,Air,3/24/2014,4/23/2014,6-Aug-14,6-Aug-14,15-Aug-14,ARV,Pediatric,ABBVIE LOGISTICS (FORMERLY ABBOTT LOGISTICS BV),"Lopinavir/Ritonavir 100/25mg [Aluvia], tablets, 60 Tabs",Lopinavir/Ritonavir,Generic,100/25mg,Tablet,60,448,2661.12,5.94,0.1,ABBVIE Ludwigshafen Germany,Yes,63,1317.82,2.74
85578,101-CD-T30,FPQ-15787,SO-50890,DN-4197,"Congo, DRC",PMO - US,From RDC,N/A - From RDC,Air,1/26/2015,N/A - From RDC,1-Jul-15,13-Jul-15,13-Jul-15,ARV,Pediatric,SCMS from RDC,"Efavirenz 200mg, scored tablets, 90 Tabs",Efavirenz,Generic,200mg,Tablet,90,300,2790.0,9.3,0.1,"Strides, Bangalore, India.",Yes,266,4147.79,3.28
6312,107-RW-T01,Pre-PQ Process,SCMS-38660,ASN-3458,Rwanda,PMO - US,Direct Drop,EXW,Air,Pre-PQ Process,2/18/2009,28-Apr-09,11-Mar-09,11-Mar-09,HRDT,HIV test,Premier Medical Corporation Ltd.,"HIV 1/2/O, First Response HIV 1-2.0, v.3.0 Cards Kit, 30 Tests","HIV 1/2/O, First Response HIV 1-2.0, v.3.0 Cards Kit",First Response,,Test kit,30,3912,88020.0,22.5,0.75,Premier Med. Corp Ltd. India,Yes,1320,15022.74,172.52
10966,114-UG-T01,Pre-PQ Process,SO-2674,DN-797,Uganda,PMO - US,From RDC,N/A - From RDC,Air,Pre-PQ Process,N/A - From RDC,11-Jul-08,11-Jul-08,11-Jul-08,ARV,Adult,SCMS from RDC,"Nevirapine 200mg, tablets, 60 Tabs",Nevirapine,Generic,200mg,Tablet,60,1061,3607.4,3.4,0.06,"Aurobindo Unit III, India",Yes,106,1054.52,5.77
12250,126-NG-T01,Pre-PQ Process,SO-10750,DN-846,Nigeria,PMO - US,From RDC,N/A - From RDC,Air,Pre-PQ Process,N/A - From RDC,24-Jul-08,24-Jul-08,24-Jul-08,ARV,Adult,SCMS from RDC,"Zidovudine 300mg, tablets, 60 Tabs",Zidovudine,Generic,300mg,Tablet,60,4500,36000.0,8.0,0.13,"Aurobindo Unit III, India",No,See DN-846 (ID#:11939),See DN-846 (ID#:11939),57.6
73079,109-TZ-T30,FPQ-10394,SCMS-156520,ASN-16038,Tanzania,PMO - US,Direct Drop,EXW,Air,7/26/2012,8/9/2012,27-Sep-12,4-Oct-12,4-Oct-12,ARV,Adult,Aurobindo Pharma Limited,"Lamivudine/Zidovudine 150/300mg, tablets, 60 Tabs",Lamivudine/Zidovudine,Generic,150/300mg,Tablet - FDC,60,39360,281424.0,7.15,0.12,"Aurobindo Unit III, India",Yes,3421,15241.75,394.56
84724,107-RW-T30,FPQ-9911,SO-42090,DN-2670,Rwanda,PMO - US,From RDC,N/A - From RDC,Air,5/11/2012,N/A - From RDC,8-Jun-12,1-Jun-12,1-Jun-12,ARV,Pediatric,SCMS from RDC,"Abacavir 20mg/ml, oral solution, Bottle, 240 ml",Abacavir,Generic,20mg/ml,Oral solution,240,1004,8534.0,8.5,0.04,"Cipla, Goa, India",Yes,1,3253.88,11.96
3992,102-NG-T01,Pre-PQ Process,SCMS-592,ASN-528,Nigeria,PMO - US,Direct Drop,EXW,Air,Pre-PQ Process,5/13/2007,19-Jun-07,6-Aug-07,6-Aug-07,HRDT,HIV test,Abbott GmbH & Co. KG,"HIV 1/2, Determine Complete HIV Kit, 100 Tests","HIV 1/2, Determine Complete HIV Kit",Determine,,Test kit,100,1500,120000.0,80.0,0.8,ABBVIE GmbH & Co.KG Wiesbaden,Yes,512,3906.29,192.0
84608,104-CI-T30,FPQ-5925,SO-37740,DN-2064,Côte d'Ivoire,PMO - US,From RDC,N/A - From RDC,Air,6/23/2010,N/A - From RDC,30-Nov-10,9-Dec-10,9-Dec-10,ARV,Adult,SCMS from RDC,"Abacavir 300mg, tablets, 60 Tabs",Abacavir,Generic,300mg,Tablet,60,600,9864.0,16.44,0.27,"Aurobindo Unit III, India",No,See DN-2064 (ID#:83469),See DN-2064 (ID#:83469),21.27
10501,116-ZA-T01,Pre-PQ Process,SCMS-47060,ASN-4815,South Africa,PMO - US,Direct Drop,DDP,Truck,Pre-PQ Process,6/5/2009,21-Jul-09,21-Jul-09,21-Jul-09,ARV,Pediatric,S. BUYS WHOLESALER,"Efavirenz 50mg, capsule, 30 Caps",Efavirenz,Generic,50mg,Capsule,30,400,1468.0,3.67,0.12,"Aurobindo Unit III, India",Yes,Weight Captured Separately,Freight Included in Commodity Cost,2.88
69179,161-ZA-T30,FPQ-6708,SCMS-93590,ASN-10512,South Africa,PMO - US,Direct Drop,DDP,Ocean,11/26/2010,12/14/2010,30-May-11,30-May-11,30-May-11,ARV,Adult,CIPLA LIMITED,"Tenofovir Disoproxil Fumarate 300mg, tablets, 30 Tabs",Tenofovir Disoproxil Fumarate,Generic,300mg,Tablet,30,150000,1029000.0,6.86,0.23,"Cipla, Goa, India",Yes,10156,13731.6,1697.85
86674,104-CI-T30,FPQ-13142,SO-47132,DN-3634,Côte d'Ivoire,PMO - US,From RDC,N/A - From RDC,Truck,10/22/2013,N/A - From RDC,30-Apr-14,25-Apr-14,11-Jun-14,ARV,Pediatric,SCMS from RDC,"Lamivudine 10mg/ml, oral solution w/syringe, Bottle, 240 ml",Lamivudine,Generic,10mg/ml,Oral solution,240,4157,5944.51,1.43,0.01,"Aurobindo Unit III, India",Yes,1385,6437.76,6.11
84004,114-UG-T30,FPQ-5275,SO-36270,DN-1834,Uganda,PMO - US,From RDC,N/A - From RDC,Air,3/4/2010,N/A - From RDC,31-May-10,19-May-10,19-May-10,ARV,Adult,SCMS from RDC,"Lamivudine/Nevirapine/Stavudine 150/200/30mg, tablets, 60 Tabs",Lamivudine/Nevirapine/Stavudine,Generic,150/200/30mg,Tablet - FDC,60,7800,47658.0,6.11,0.1,"Strides, Bangalore, India.",Yes,580,6637.05,102.75
11238,111-MZ-T01,Pre-PQ Process,SO-1310,DN-688,Mozambique,PMO - US,From RDC,N/A - From RDC,Air,Pre-PQ Process,N/A - From RDC,30-Jun-08,30-Jun-08,30-Jun-08,ARV,Adult,SCMS from RDC,"Lamivudine/Nevirapine/Stavudine 150/200/30mg, tablets, 60 Tabs",Lamivudine/Nevirapine/Stavudine,Generic,150/200/30mg,Tablet - FDC,60,90955,673067.0,7.4,0.12,"Cipla, Goa, India",Yes,16579,8654.7,1076.91
3008,102-NG-T01,Pre-PQ Process,SCMS-16890,ASN-2359,Nigeria,PMO - US,Direct Drop,EXW,Air,Pre-PQ Process,1/29/2008,19-Sep-08,19-Sep-08,19-Sep-08,HRDT,HIV test,"CHEMBIO DIAGNOSTIC SYSTEMS, INC.","HIV 1/2, Stat-Pak HIV, Kit, 20 Tests","HIV 1/2, Stat-Pak HIV, Kit",Stat-Pak,,Test kit,20,9048,244296.0,27.0,1.35,Chembio Diagnostics Sys. Inc.,Yes,2985,20635.3,390.87
55894,151-NG-T30,FPQ-14780,SCMS-254171,ASN-32962,Nigeria,PMO - US,Direct Drop,EXW,Air,8/13/2014,8/29/2014,23-Jul-15,23-Jul-15,28-Jul-15,ARV,Adult,EMCURE PHARMACEUTICALS LTD,"Atazanavir/Ritonavir 300/100mg, tablets, 30 Tabs",Atazanavir/Ritonavir,Generic,300/100mg,Tablet,30,9070,163260.0,18.0,0.6,"Emcure Plot No.P-2, I.T-B.T. Park, Phase II, MIDC, Hinjwadi, Pune, India",Yes,Weight Captured Separately,Invoiced Separately,167.83
16231,109-TZ-T30,FPQ-6936,SCMS-100632,ASN-10905,Tanzania,PMO - US,Direct Drop,EXW,Air,12/27/2010,5/2/2011,14-Jul-11,14-Jul-11,14-Jul-11,HRDT,HIV test,"Standard Diagnostics, Inc.","HIV 1/2, Bioline 3.0 Kit, Lancets, Capillary pipets, Alcohol swabs included, 25 Tests","HIV 1/2, Bioline 3.0 Kit, Lancets, Capillary pipets, Alcohol swabs included",Bioline,,Test kit,25,10000,200000.0,20.0,0.8,"Standard Diagnostics, Korea",Yes,3335,23616.68,330.0
39658,116-ZA-T30,FPQ-14942,SCMS-259079,ASN-33854,South Africa,PMO - US,Direct Drop,DDP,Truck,9/11/2014,10/9/2014,24-Aug-15,24-Aug-15,24-Aug-15,ARV,Adult,PHARMACY DIRECT,"Darunavir 600mg [Prezista], tablets, 60 Tabs",Darunavir,Prezista,600mg,Tablet,60,3,151.99,50.66,0.84,"Janssen-Cilag, Latina, IT",No,Weight Captured Separately,Freight Included in Commodity Cost,0.16
37068,116-ZA-T30,FPQ-14942,SCMS-259074,ASN-31070,South Africa,PMO - US,Direct Drop,DDP,Truck,9/11/2014,3/9/2015,9-Mar-15,9-Mar-15,9-Mar-15,ARV,Adult,PHARMACY DIRECT,"Tenofovir Disoproxil Fumarate 300mg, tablets, 30 Tabs",Tenofovir Disoproxil Fumarate,Generic,300mg,Tablet,30,138,1906.7,13.82,0.46,Mylan (formerly Matrix) Nashik,No,Weight Captured Separately,Freight Included in Commodity Cost,1.96
42125,108-VN-T30,FPQ-6384,SCMS-87730,ASN-9118,Vietnam,PMO - US,Direct Drop,EXW,Air,9/30/2010,10/15/2010,22-Dec-10,22-Dec-10,22-Dec-10,ARV,Adult,STRIDES ARCOLAB LIMITED,"Lamivudine 150mg, tablets, 60 Tabs",Lamivudine,Generic,150mg,Tablet,60,15153,35609.55,2.35,0.04,"Strides, Bangalore, India.",Yes,3595,12632.99,76.77
51165,110-ZM-T30,FPQ-11390,SCMS-173910,ASN-18339,Zambia,PMO - US,Direct Drop,EXW,Air,1/8/2013,1/23/2013,15-Mar-13,15-Mar-13,15-Mar-13,HRDT,HIV test,"Trinity Biotech, Plc","HIV 1/2, Uni-Gold HIV Kit, 20 Tests","HIV 1/2, Uni-Gold HIV Kit",Uni-Gold,,Test kit,20,10500,336000.0,32.0,1.6,"Trinity Biotech, Plc",Yes,3445,39662.72,415.63
46653,116-ZA-T30,FPQ-4054,SCMS-51250,ASN-5056,South Africa,PMO - US,Direct Drop,DDP,Truck,7/29/2009,8/7/2009,24-Aug-09,24-Aug-09,24-Aug-09,ARV,Pediatric,S. BUYS WHOLESALER,"Lamivudine 10mg/ml [Epivir], oral solution, Bottle, 240 ml",Lamivudine,Epivir,10mg/ml,Oral solution,240,300,2040.28,6.8,0.03,GSK Mississauga (Canada),Yes,Weight Captured Separately,Freight Included in Commodity Cost,4.0
11233,106-HT-T01,Pre-PQ Process,SO-2058,DN-692,Haiti,PMO - US,From RDC,N/A - From RDC,Air,Pre-PQ Process,N/A - From RDC,3-Apr-08,3-Apr-08,3-Apr-08,ARV,Adult,SCMS from RDC,"Lamivudine/Zidovudine 150/300mg, tablets, 60 Tabs",Lamivudine/Zidovudine,Generic,150/300mg,Tablet - FDC,60,7558,71423.1,9.45,0.16,"Aurobindo Unit III, India",Yes,2166,20578.2,114.28
11156,114-UG-T01,Pre-PQ Process,SO-896,DN-297,Uganda,PMO - US,From RDC,N/A - From RDC,,Pre-PQ Process,N/A - From RDC,17-Oct-07,17-Oct-07,17-Oct-07,ARV,Adult,SCMS from RDC,"Stavudine 30mg, capsules, 60 Caps",Stavudine,Generic,30mg,Capsule,60,294,446.88,1.52,0.03,"Strides, Bangalore, India.",Yes,14,632.6,0.72
64183,111-MZ-T30,FPQ-13241,SCMS-226780,ASN-27436,Mozambique,PMO - US,Direct Drop,EXW,Air,11/18/2013,3/14/2014,1-Oct-14,1-Oct-14,1-Oct-14,ARV,Adult,B&C GROUP S.A.,"Darunavir 600mg [Prezista], tablets, 60 Tabs",Darunavir,Prezista,600mg,Tablet,60,80,5328.0,66.6,1.11,"Janssen-Cilag, Latina, IT",Yes,13,277.4,5.48
13547,101-CD-T30,FPQ-14654,SCMS-253260,ASN-28279,"Congo, DRC",PMO - US,Direct Drop,EXW,Air,8/11/2014,8/27/2014,4-Nov-14,4-Nov-14,20-Nov-14,HRDT,HIV test,"Trinity Biotech, Plc","HIV 1/2, Uni-Gold HIV Kit, 20 Tests","HIV 1/2, Uni-Gold HIV Kit",Uni-Gold,,Test kit,20,77,2464.0,32.0,1.6,"Trinity Biotech, Plc",Yes,509,8021.11,2.53
53421,116-ZA-T30,FPQ-5535,SCMS-71370,ASN-7374,South Africa,PMO - US,Direct Drop,DDP,Truck,4/19/2010,4/21/2010,4-Jun-10,4-Jun-10,4-Jun-10,ARV,Adult,S. BUYS WHOLESALER,"Stavudine 20mg [Zerit], capsules, 60 Caps",Stavudine,Zerit,20mg,Capsule,60,200,1213.75,6.07,0.1,"BMS Meymac, France",Yes,Weight Captured Separately,Freight Included in Commodity Cost,2.62
65799,116-ZA-T30,FPQ-12522,SCMS-199289,ASN-28033,South Africa,PMO - US,Direct Drop,DDP,Truck,7/11/2013,8/29/2014,29-Aug-14,29-Aug-14,29-Aug-14,ARV,Adult,S. BUYS WHOLESALER,"Lamivudine/Zidovudine 150/300mg, tablets, 60 Tabs",Lamivudine/Zidovudine,Generic,150/300mg,Tablet - FDC,60,206,6746.05,32.75,0.55,Hetero Unit III Hyderabad IN,No,Weight Captured Separately,Freight Included in Commodity Cost,8.34
86757,151-NG-T30,FPQ-14156,SO-48892,DN-4052,Nigeria,PMO - US,From RDC,N/A - From RDC,Air Charter,4/25/2014,N/A - From RDC,30-Jan-15,29-Dec-14,6-Jan-15,ARV,Adult,SCMS from RDC,"Lamivudine/Nevirapine/Zidovudine 150/200/300mg, tablets, 60 Tabs",Lamivudine/Nevirapine/Zidovudine,Generic,150/300/200mg,Tablet - FDC,60,306992,2369978.24,7.72,0.13,"Cipla, Goa, India",No,See DN-4052 (ID#:85005),See DN-4052 (ID#:85005),2436.34
10678,110-ZM-T01,Pre-PQ Process,SO-2485,DN-828,Zambia,PMO - US,From RDC,N/A - From RDC,Truck,Pre-PQ Process,N/A - From RDC,29-Jul-08,29-Jul-08,29-Jul-08,ARV,Adult,SCMS from RDC,"Lamivudine/Zidovudine 150/300mg, tablets, 60 Tabs",Lamivudine/Zidovudine,Generic,150/300mg,Tablet - FDC,60,14124,133471.8,9.45,0.16,"Cipla, Goa, India",Yes,2115,2882.85,213.55
10890,104-CI-T01,Pre-PQ Process,SO-964,DN-379,Côte d'Ivoire,PMO - US,From RDC,N/A - From RDC,Air,Pre-PQ Process,N/A - From RDC,15-Oct-07,15-Oct-07,15-Oct-07,ARV,Adult,SCMS from RDC,"Saquinavir 200mg [Invirase], capsules, 270 Caps",Saquinavir,Invirase,200mg,Capsule,270,1577,124015.28,78.64,0.29,Roche Basel,Yes,3023,13721.28,198.42
82371,113-ZW-T30,FPQ-6470,SO-37830,DN-2127,Zimbabwe,PMO - US,From RDC,N/A - From RDC,Truck,10/13/2010,N/A - From RDC,31-Mar-11,17-Mar-11,17-Mar-11,ARV,Adult,SCMS from RDC,"Lamivudine/Tenofovir Disoproxil Fumarate 300/300mg, tablets, 30 Tabs",Lamivudine/Tenofovir Disoproxil Fumarate,Generic,300/300mg,Tablet - FDC,30,97100,856422.0,8.82,0.29,Mylan (formerly Matrix) Nashik,Yes,14340,16222.85,1846.45
10667,104-CI-T01,Pre-PQ Process,SO-1679,DN-581,Côte d'Ivoire,PMO - US,From RDC,N/A - From RDC,Air,Pre-PQ Process,N/A - From RDC,5-Feb-08,5-Feb-08,5-Feb-08,ARV,Pediatric,SCMS from RDC,"Stavudine 1mg/ml, powder for oral solution, 200 ml",Stavudine,Generic,1mg/ml,Oral solution,200,5900,8260.0,1.4,0.01,"Aurobindo Unit III, India",Yes,2093,5962.31,13.22
12904,106-HT-T01,Pre-PQ Process,SO-32730,DN-1374,Haiti,PMO - US,From RDC,N/A - From RDC,Air,Date Not Captured,N/A - From RDC,31-Jul-09,31-Jul-09,31-Jul-09,ARV,Adult,SCMS from RDC,"Stavudine 20mg, capsules, 60 Caps",Stavudine,Generic,20mg,Capsule,60,108,189.0,1.75,0.03,"Aurobindo Unit III, India",No,See DN-1374 (ID#:11999),See DN-1374 (ID#:11999),0.37
76325,109-TZ-T30,FPQ-3782,SCMS-47730,ASN-4489,Tanzania,PMO - US,Direct Drop,CIP,Air,6/11/2009,6/29/2009,11-Aug-09,11-Aug-09,11-Aug-09,ARV,Adult,BRISTOL-MYERS SQUIBB,"Didanosine EC 250mg [Videx EC], delayed-release capsules, Blister 3 x 10 Caps",Didanosine EC,Videx EC,250mg,Delayed-release capsules - blister,30,7000,128380.0,18.34,0.61,"BMS Meymac, France",No,See ASN-4489 (ID#:43989),See ASN-4489 (ID#:43989),251.62
85436,104-CI-T30,FPQ-12144,SO-45611,DN-3512,Côte d'Ivoire,PMO - US,From RDC,N/A - From RDC,Truck,4/22/2013,N/A - From RDC,15-Feb-14,18-Feb-14,4-Mar-14,ARV,Adult,SCMS from RDC,"Efavirenz/Lamivudine/Tenofovir Disoproxil Fumarate 600/300/300mg, tablets, 30 Tabs",Efavirenz/Lamivudine/Tenofovir Disoproxil Fumarate,Generic,600/300/300mg,Tablet - FDC,30,50510,549043.7,10.87,0.36,Hetero Unit III Hyderabad IN,Yes,6766,18278.07,679.17
72776,102-GY-T30,FPQ-6983,SCMS-97150,ASN-9832,Guyana,PMO - US,Direct Drop,EXW,Air,1/5/2011,2/2/2011,28-Mar-11,28-Mar-11,28-Mar-11,HRDT,HIV test,"Trinity Biotech, Plc","HIV 1/2, Uni-Gold HIV Kit, 20 Tests","HIV 1/2, Uni-Gold HIV Kit",Uni-Gold,,Test kit,20,1975,63200.0,32.0,1.6,"Trinity Biotech, Plc",Yes,659,9106.51,104.28
12586,119-NA-T01,Pre-PQ Process,SO-30460,DN-1251,Namibia,PMO - US,From RDC,N/A - From RDC,Air,Pre-PQ Process,N/A - From RDC,15-Jun-09,15-Jun-09,15-Jun-09,ARV,Adult,SCMS from RDC,"Lamivudine/Tenofovir Disoproxil Fumarate 300/300mg, tablets, 30 Tabs",Lamivudine/Tenofovir Disoproxil Fumarate,Generic,300/300mg,Tablet - FDC,30,5000,50000.0,10.0,0.33,Mylan (formerly Matrix) Nashik,Yes,419,2317.2,98.0
86276,111-MZ-T30,FPQ-4711,SO-35720,DN-1679,Mozambique,PMO - US,From RDC,N/A - From RDC,Truck,12/23/2009,N/A - From RDC,28-Apr-10,28-Apr-10,28-Apr-10,ARV,Adult,SCMS from RDC,"Lamivudine/Stavudine 150/30mg, tablets, 60 Tabs",Lamivudine/Stavudine,Generic,150/30mg,Tablet - FDC,60,1340,4556.0,3.4,0.06,"Cipla, Goa, India",No,See DN-1679 (ID#:86275),See DN-1679 (ID#:86275),9.82
84200,110-ZM-T30,FPQ-9552,SO-41832,DN-2918,Zambia,PMO - US,From RDC,N/A - From RDC,Truck,3/29/2012,N/A - From RDC,26-Nov-12,26-Nov-12,26-Nov-12,ARV,Adult,SCMS from RDC,"Lamivudine/Stavudine 150/30mg, tablets, 60 Tabs",Lamivudine/Stavudine,Generic,150/30mg,Tablet - FDC,60,2573,7590.35,2.95,0.05,Hetero Unit III Hyderabad IN,Yes,207,1900,10.64
84540,151-NG-T30,FPQ-4537,SO-35063,DN-1724,Nigeria,PMO - US,From RDC,N/A - From RDC,Air Charter,11/6/2009,N/A - From RDC,19-Apr-10,18-May-10,18-May-10,ARV,Adult,SCMS from RDC,"Lamivudine/Nevirapine/Zidovudine 150/200/300mg, tablets, 60 Tabs",Lamivudine/Nevirapine/Zidovudine,Generic,150/300/200mg,Tablet - FDC,60,20000,224400.0,11.22,0.19,"Aurobindo Unit III, India",Yes,2347,9736.1,483.81
82994,114-UG-T30,FPQ-8522,SO-40941,DN-2461,Uganda,PMO - US,From RDC,N/A - From RDC,Truck,10/5/2011,N/A - From RDC,31-Jan-12,19-Jan-12,19-Jan-12,ARV,Adult,SCMS from RDC,"Lamivudine/Zidovudine 150/300mg, tablets, 60 Tabs",Lamivudine/Zidovudine,Generic,150/300mg,Tablet - FDC,60,4226,34906.76,8.26,0.14,"Aurobindo Unit III, India",Yes,8,10891.66,57.6
65803,116-ZA-T30,FPQ-12522,SCMS-199289,ASN-28037,South Africa,PMO - US,Direct Drop,DDP,Truck,7/11/2013,8/29/2014,29-Aug-14,29-Aug-14,29-Aug-14,ARV,Adult,S. BUYS WHOLESALER,"Zidovudine 300mg, tablets, 60 Tabs",Zidovudine,Generic,300mg,Tablet,60,19,515.11,27.11,0.45,"Aurobindo Unit III, India",No,Weight Captured Separately,Freight Included in Commodity Cost,0.64
33848,102-ML-T30,FPQ-11783,SCMS-182790,ASN-19410,Mali,PMO - US,Direct Drop,CIP,Air,3/15/2013,4/11/2013,17-Jul-13,17-Jul-13,17-Jul-13,HRDT,HIV test - Ancillary,Orasure Technologies Inc.,"HIV, OraQuick Controls Kit, 3 Vials","HIV, OraQuick Controls Kit, 3 Vials",OraQuick,,Test kit - Ancillary,1,41,1025.0,25.0,25.0,"Orasure Technologies, Inc USA",Yes,Weight Captured Separately,Freight Included in Commodity Cost,1.27
68117,116-ZA-T30,FPQ-12522,SCMS-199280,ASN-24433,South Africa,PMO - US,Direct Drop,DDP,Truck,7/11/2013,8/13/2013,7-Feb-14,7-Feb-14,7-Feb-14,ARV,Adult,S. BUYS WHOLESALER,"Lamivudine 150mg, tablets, 60 Tabs",Lamivudine,Generic,150mg,Tablet,60,415,4049.18,9.76,0.16,Hetero Unit III Hyderabad IN,No,Weight Captured Separately,Freight Included in Commodity Cost,5.01
40936,108-VN-T30,FPQ-10286,SCMS-156310,ASN-17176,Vietnam,PMO - US,Direct Drop,EXW,Air,7/25/2012,8/15/2012,14-Dec-12,14-Dec-12,14-Dec-12,ARV,Adult,HETERO LABS LIMITED,"Abacavir 300mg, tablets, 60 Tabs",Abacavir,Generic,300mg,Tablet,60,385,4966.5,12.9,0.22,Hetero Unit III Hyderabad IN,No,See ASN-17176 (ID#:20219),See ASN-17176 (ID#:20219),6.96
84422,101-CD-T30,FPQ-14576,SO-49290,DN-3975,"Congo, DRC",PMO - US,From RDC,N/A - From RDC,Air,7/14/2014,N/A - From RDC,30-Jan-15,18-Feb-15,23-Feb-15,ARV,Pediatric,SCMS from RDC,"Lamivudine/Zidovudine 30/60mg, dispersible tablets, 60 Tabs",Lamivudine/Zidovudine,Generic,30/60mg,Chewable/dispersible tablet - FDC,60,800,1592.0,1.99,0.03,"Cipla, Goa, India",No,See DN-3975 (ID#:82748),See DN-3975 (ID#:82748),1.64
38619,106-HT-T30,FPQ-14895,SCMS-261120,ASN-30809,Haiti,PMO - US,Direct Drop,EXW,Air,9/24/2014,11/14/2014,27-Mar-15,27-Mar-15,30-Mar-15,ARV,Adult,MYLAN LABORATORIES LTD (FORMERLY MATRIX LABORATORIES),"Lamivudine/Nevirapine/Zidovudine 150/200/300mg, tablets, 60 Tabs",Lamivudine/Nevirapine/Zidovudine,Generic,150/300/200mg,Tablet - FDC,60,24992,202435.2,8.1,0.13,Mylan (formerly Matrix) Nashik,Yes,3458,19839.26,208.1
49363,105-SS-T30,FPQ-11754,SCMS-181400,ASN-19428,South Sudan,PMO - US,Direct Drop,EXW,Air,2/22/2013,4/1/2013,16-Aug-13,16-Aug-13,16-Aug-13,HRDT,HIV test - Ancillary,"Orgenics, Ltd","Chase Buffer, Determine, 100 Tests, 2.5ml x 1 Vial","Chase Buffer, Determine, 100 Tests, 2.5ml x 1 Vial",Determine,,Test kit - Ancillary,1,45,225.0,5.0,5.0,"Alere Medical Co., Ltd.",No,See ASN-19428 (ID#:12981),See ASN-19428 (ID#:12981),0.28
43534,111-MZ-T30,FPQ-15844,SCMS-277860,ASN-31556,Mozambique,PMO - US,Direct Drop,EXW,Air,2/5/2015,3/12/2015,22-Apr-15,22-Apr-15,22-Apr-15,HRDT,HIV test,"Orgenics, Ltd","HIV 1/2, Determine Complete HIV Kit, 100 Tests","HIV 1/2, Determine Complete HIV Kit",Determine,,Test kit,100,5500,440000.0,80.0,0.8,"Alere Medical Co., Ltd.",Yes,2139,19193.57,517.88
54045,108-VN-T30,FPQ-5094,SCMS-68700,ASN-7337,Vietnam,PMO - US,Direct Drop,FCA,Air,3/15/2010,3/31/2010,2-Aug-10,2-Aug-10,2-Aug-10,ARV,Adult,ABBVIE LOGISTICS (FORMERLY ABBOTT LOGISTICS BV),"Ritonavir 100mg [Norvir], capsules, cool, 4 x 84 Caps",Ritonavir,Norvir,100mg,Capsule,336,20,6137.6,306.88,0.91,ABBVIE (Abbott) Logis. UK,Yes,57,5795.92,13.23
83002,101-CD-T30,FPQ-8840,SO-41136,DN-2498,"Congo, DRC",PMO - US,From RDC,N/A - From RDC,Air,11/21/2011,N/A - From RDC,16-Mar-12,14-Feb-12,14-Feb-12,ARV,Adult,SCMS from RDC,"Abacavir 300mg, tablets, 60 Tabs",Abacavir,Generic,300mg,Tablet,60,9,131.67,14.63,0.24,Mylan (formerly Matrix) Nashik,Yes,Weight Captured Separately,Invoiced Separately,0.18
52617,107-RW-T30,FPQ-8932,SCMS-129870,ASN-13476,Rwanda,PMO - US,Direct Drop,EXW,Air,12/6/2011,12/13/2011,24-Jan-12,24-Jan-12,24-Jan-12,ARV,Adult,Aurobindo Pharma Limited,"Lamivudine/Tenofovir Disoproxil Fumarate 300/300mg, tablets, 30 Tabs",Lamivudine/Tenofovir Disoproxil Fumarate,Generic,300/300mg,Tablet - FDC,30,2800,14980.0,5.35,0.18,"Aurobindo Unit VII, IN",Yes,273,2964.49,21.0
28773,106-HT-T30,FPQ-7040,SCMS-98580,ASN-10062,Haiti,PMO - US,Direct Drop,FCA,Air,1/14/2011,2/2/2011,6-Apr-11,6-Apr-11,6-Apr-11,HRDT,HIV test,"Orgenics, Ltd","HIV 1/2, Determine HIV Kit, without Lancets, 100 Tests","HIV 1/2, Determine HIV Kit, without Lancets",Determine,,Test kit,100,2000,195360.0,97.68,0.98,Inverness Japan,Yes,453,7030.94,322.34
61676,102-SD-T30,FPQ-8261,SCMS-120461,ASN-12338,Sudan,PMO - US,Direct Drop,EXW,Air,8/29/2011,9/7/2011,11-Jan-12,11-Jan-12,11-Jan-12,HRDT,HIV test,"Trinity Biotech, Plc","HIV 1/2, Uni-Gold HIV Kit, 20 Tests","HIV 1/2, Uni-Gold HIV Kit",Uni-Gold,,Test kit,20,65,2080.0,32.0,1.6,"Trinity Biotech, Plc",Yes,21,593.72,3.43
84088,113-ZW-T30,FPQ-6470,SO-39510,DN-2205,Zimbabwe,PMO - US,From RDC,N/A - From RDC,Truck,10/13/2010,N/A - From RDC,31-May-11,15-Jun-11,15-Jun-11,ARV,Adult,SCMS from RDC,"Lamivudine/Stavudine 150/30mg, tablets, 60 Tabs",Lamivudine/Stavudine,Generic,150/30mg,Tablet - FDC,60,4669,14940.8,3.2,0.05,"Cipla, Goa, India",No,See DN-2205 (ID#:82950),See DN-2205 (ID#:82950),32.21
82623,104-CI-T30,FPQ-12712,SO-46321,DN-3433,Côte d'Ivoire,PMO - US,From RDC,N/A - From RDC,Truck,7/30/2013,N/A - From RDC,10-Dec-13,10-Dec-13,8-Jan-14,ARV,Pediatric,SCMS from RDC,"Lamivudine 10mg/ml, oral solution w/syringe, Bottle, 240 ml",Lamivudine,Generic,10mg/ml,Oral solution,240,11000,15950.0,1.45,0.01,"Aurobindo Unit III, India",Yes,3930,9378.14,19.73
83005,101-CD-T30,FPQ-8840,SO-41138,DN-2500,"Congo, DRC",PMO - US,From RDC,N/A - From RDC,Air,11/21/2011,N/A - From RDC,10-Feb-12,14-Feb-12,14-Feb-12,ARV,Adult,SCMS from RDC,"Efavirenz 600mg, tablets, 30 Tabs",Efavirenz,Generic,600mg,Tablet,30,59,243.08,4.12,0.14,"Strides, Bangalore, India.",No,See DN-2500 (ID#:82436),See DN-2500 (ID#:82436),0.34
68651,111-MZ-T30,FPQ-4080,SCMS-51380,ASN-4927,Mozambique,PMO - US,Direct Drop,EXW,Air,8/4/2009,8/11/2009,24-Sep-09,24-Sep-09,24-Sep-09,HRDT,HIV test,"Trinity Biotech, Plc","HIV 1/2, Uni-Gold HIV Kit, 20 Tests","HIV 1/2, Uni-Gold HIV Kit",Uni-Gold,,Test kit,20,3700,118400.0,32.0,1.6,"Trinity Biotech, Plc",Yes,1265,18937.3,232.06
77152,108-VN-T30,FPQ-5094,SCMS-68600,ASN-7405,Vietnam,PMO - US,Direct Drop,EXW,Air,3/15/2010,3/24/2010,22-Jul-10,22-Jul-10,22-Jul-10,ARV,Adult,MYLAN LABORATORIES LTD (FORMERLY MATRIX LABORATORIES),"Efavirenz 600mg, tablets, 30 Tabs",Efavirenz,Generic,600mg,Tablet,30,31579,135789.7,4.3,0.14,Mylan (formerly Matrix) Nashik,Yes,2585,11617.57,292.76
70230,107-RW-T30,FPQ-4032,SCMS-51670,ASN-5831,Rwanda,PMO - US,Direct Drop,EXW,Air,8/5/2009,8/18/2009,16-Feb-10,16-Feb-10,16-Feb-10,HRDT,HIV test,"Orgenics, Ltd","HIV 1/2, Determine HIV Kit, without Lancets, 100 Tests","HIV 1/2, Determine HIV Kit, without Lancets",Determine,,Test kit,100,5085,355950.0,70.0,0.7,Inverness Japan,Yes,1154,46723.42,697.66
11013,110-ZM-T01,Pre-PQ Process,SO-2479,DN-861,Zambia,PMO - US,From RDC,N/A - From RDC,Truck,Pre-PQ Process,N/A - From RDC,20-Aug-08,20-Aug-08,20-Aug-08,ARV,Adult,SCMS from RDC,"Efavirenz 600mg, tablets, 30 Tabs",Efavirenz,Generic,600mg,Tablet,30,5000,60050.0,12.01,0.4,Mylan (formerly Matrix) Nashik,Yes,4247,8231.95,96.08
11561,113-ZW-T01,Pre-PQ Process,SO-13991,DN-1015,Zimbabwe,PMO - US,From RDC,N/A - From RDC,Truck,Pre-PQ Process,N/A - From RDC,19-Nov-08,19-Nov-08,19-Nov-08,ARV,Adult,SCMS from RDC,"Lamivudine/Stavudine 150/30mg, tablets, 30 Tabs",Lamivudine/Stavudine,Generic,150/30mg,Tablet - FDC,30,8000,16000.0,2.0,0.07,"Cipla, Goa, India",Yes,8855,29883.7,31.36
82752,151-NG-T30,FPQ-14156,SO-48891,DN-3999,Nigeria,PMO - US,From RDC,N/A - From RDC,Air Charter,4/25/2014,N/A - From RDC,30-Nov-14,30-Oct-14,3-Nov-14,ARV,Adult,SCMS from RDC,"Lamivudine/Nevirapine/Zidovudine 150/200/300mg, tablets, 60 Tabs",Lamivudine/Nevirapine/Zidovudine,Generic,150/300/200mg,Tablet - FDC,60,45307,367439.77,8.11,0.14,Mylan (formerly Matrix) Nashik,Yes,20329,49570,377.73
85296,105-GY-T30,FPQ-10252,SO-42780,DN-2811,Guyana,PMO - US,From RDC,N/A - From RDC,Air,7/5/2012,N/A - From RDC,2-Oct-12,29-Aug-12,29-Aug-12,ARV,Pediatric,SCMS from RDC,"Nevirapine 10mg/ml, oral suspension w/syringe, Bottle, 240 ml",Nevirapine,Generic,10mg/ml,Oral suspension,240,288,561.6,1.95,0.01,"Aurobindo Unit III, India",No,See DN-2811 (ID#:83067),See DN-2811 (ID#:83067),0.79
10791,104-CI-T01,Pre-PQ Process,SO-32840,DN-1388,Côte d'Ivoire,PMO - US,From RDC,N/A - From RDC,Air,Date Not Captured,N/A - From RDC,28-Sep-09,28-Sep-09,28-Sep-09,ARV,Adult,SCMS from RDC,"Zidovudine 300mg, tablets, 60 Tabs",Zidovudine,Generic,300mg,Tablet,60,7000,52710.0,7.53,0.13,Hetero Unit III Hyderabad IN,Yes,396,6087.84,103.31
11745,110-ZM-T01,Pre-PQ Process,SO-315,DN-228,Zambia,PMO - US,From RDC,N/A - From RDC,,Pre-PQ Process,N/A - From RDC,9-Jul-07,9-Jul-07,9-Jul-07,ARV,Adult,SCMS from RDC,"Emtricitabine/Tenofovir Disoproxil Fumarate 200/300mg [Truvada], tablets, 30 Tabs",Emtricitabine/Tenofovir Disoproxil Fumarate,Truvada,300/200mg,Tablet - FDC,30,12000,315000.0,26.25,0.88,Gilead(Nycomed) Oranienburg DE,Yes,1005,4407.26,504.0
12781,109-TZ-T01,Pre-PQ Process,SO-2556,DN-748,Tanzania,PMO - US,From RDC,N/A - From RDC,Truck,Pre-PQ Process,N/A - From RDC,30-Jun-08,30-Jun-08,30-Jun-08,ARV,Adult,SCMS from RDC,"Lamivudine 150mg, tablets, 60 Tabs",Lamivudine,Generic,150mg,Tablet,60,8805,25622.55,2.91,0.05,"Ranbaxy, Paonta Shahib, India",No,See DN-748 (ID#:12484),See DN-748 (ID#:12484),41.0
44577,103-ZW-T30,FPQ-9905,SCMS-148300,ASN-17259,Zimbabwe,PMO - US,Direct Drop,FCA,Air,5/29/2012,7/18/2012,13-Dec-12,13-Dec-12,13-Dec-12,ARV,Pediatric,ABBVIE LOGISTICS (FORMERLY ABBOTT LOGISTICS BV),"Lopinavir/Ritonavir 80/20mg/ml [Kaletra], oral solution, cool, Bottle 5 x 60 ml",Lopinavir/Ritonavir,Kaletra,80/20mg/ml,Oral solution,300,1024,31559.68,30.82,0.1,ABBVIE (Abbott) Logis. UK,Yes,1014,Freight Included in Commodity Cost,44.25
84748,900-TZ-T30,FPQ-10391,SO-43010,DN-2820,Tanzania,PMO - US,From RDC,N/A - From RDC,Air,7/26/2012,N/A - From RDC,26-Oct-12,26-Oct-12,26-Oct-12,ARV,Adult,SCMS from RDC,"Lamivudine/Zidovudine 150/300mg, tablets, 60 Tabs",Lamivudine/Zidovudine,Generic,150/300mg,Tablet - FDC,60,147230,1136615.6,7.72,0.13,Hetero Unit III Hyderabad IN,No,See DN-2820 (ID#:82503),See DN-2820 (ID#:82503),1593.54
83993,114-UG-T30,FPQ-5275,SO-36250,DN-1769,Uganda,PMO - US,From RDC,N/A - From RDC,Air,3/4/2010,N/A - From RDC,4-Jun-10,12-Apr-10,12-Apr-10,ARV,Adult,SCMS from RDC,"Zidovudine 300mg, tablets, 60 Tabs",Zidovudine,Generic,300mg,Tablet,60,90,675.0,7.5,0.12,"Aurobindo Unit III, India",Yes,4,521.52,1.46
78261,900-UG-T30,FPQ-10089,SCMS-149400,ASN-15431,Uganda,PMO - US,Direct Drop,EXW,Air,6/7/2012,6/12/2012,18-Jul-12,18-Jul-12,18-Jul-12,ARV,Adult,Aurobindo Pharma Limited,"Lopinavir/Ritonavir 200/50mg, tablets, 120 Tabs",Lopinavir/Ritonavir,Generic,200/50mg,Tablet,120,15321,390685.5,25.5,0.21,"Aurobindo Unit III, India",Yes,3888,17405.65,547.74
12043,100-CI-T01,Pre-PQ Process,SO-437,DN-85,Côte d'Ivoire,PMO - US,From RDC,N/A - From RDC,,Pre-PQ Process,N/A - From RDC,30-Apr-07,30-Apr-07,30-Apr-07,ARV,Adult,SCMS from RDC,"Lamivudine/Nevirapine/Stavudine 150/200/30mg, tablets, 60 Tabs",Lamivudine/Nevirapine/Stavudine,Generic,150/200/30mg,Tablet - FDC,60,9000,67500.0,7.5,0.12,"Cipla, Goa, India",Yes,972,3162,
33799,109-TZ-T30,FPQ-13048,SCMS-210890,ASN-23967,Tanzania,PMO - US,Direct Drop,FCA,Air,10/3/2013,10/31/2013,7-Mar-14,7-Mar-14,11-Mar-14,ARV,Pediatric,ABBVIE LOGISTICS (FORMERLY ABBOTT LOGISTICS BV),"Lopinavir/Ritonavir 100/25mg [Aluvia], tablets, 60 Tabs",Lopinavir/Ritonavir,Generic,100/25mg,Tablet,60,1742,10347.48,5.94,0.1,ABBVIE Ludwigshafen Germany,Yes,208,2336.46,12.8
14811,107-RW-T30,FPQ-13874,SCMS-232310,ASN-25543,Rwanda,PMO - US,Direct Drop,EXW,Air,3/12/2014,4/3/2014,28-Apr-14,28-Apr-14,28-Apr-14,HRDT,HIV test,"SHANGHAI KEHUA BIOENGINEERING CO.,LTD.  (KHB)","HIV 1/2, SKB Colloidal Gold, Diagnostic Kit, Antibody, 50 Tests","HIV 1/2, Colloidal Gold, Diagnostic Kit, Antibody",Colloidal Gold,,Test kit,1,4068,99666.0,24.5,24.5,"KHB Test Kit Facility, Shanghai China",Yes,2712,37680.04,102.46
11381,107-RW-T01,Pre-PQ Process,SO-396,DN-43,Rwanda,PMO - US,From RDC,N/A - From RDC,Air,Pre-PQ Process,N/A - From RDC,17-Mar-07,17-Mar-07,17-Mar-07,ARV,Adult,SCMS from RDC,"Tenofovir Disoproxil Fumarate 300mg [Viread], tablets, 30 Tabs",Tenofovir Disoproxil Fumarate,Viread,300mg,Tablet,30,4000,68000.0,17.0,0.57,Gilead(Nycomed) Oranienburg DE,Yes,265,11931,
86664,104-CI-T30,FPQ-12144,SO-45630,DN-3598,Côte d'Ivoire,PMO - US,From RDC,N/A - From RDC,Truck,4/22/2013,N/A - From RDC,10-Apr-14,10-Apr-14,6-May-14,ARV,Adult,SCMS from RDC,"Abacavir/Lamivudine 600/300mg, scored tablets, 30 Tabs",Abacavir/Lamivudine,Generic,600/300mg,Tablet - FDC,30,1900,25688.0,13.52,0.45,Mylan (formerly Matrix) Nashik,No,See DN-3598 (ID#:85452),See DN-3598 (ID#:85452),31.78
85792,100-ZW-T30,FPQ-7559,SO-39551,DN-2362,Zimbabwe,PMO - US,From RDC,N/A - From RDC,Truck,4/29/2011,N/A - From RDC,21-Oct-11,21-Oct-11,21-Oct-11,ARV,Pediatric,SCMS from RDC,"Lamivudine/Zidovudine 30/60mg, tablets, 60 Tabs",Lamivudine/Zidovudine,Generic,30/60mg,Tablet - FDC,60,4980,16185.0,3.25,0.05,Mylan (formerly Matrix) Nashik,No,See DN-2362 (ID#:83533),See DN-2362 (ID#:83533),26.71
11579,112-NG-T01,Pre-PQ Process,SO-12780,DN-911,Nigeria,PMO - US,From RDC,N/A - From RDC,Air,Pre-PQ Process,N/A - From RDC,12-Sep-08,12-Sep-08,12-Sep-08,ARV,Adult,SCMS from RDC,"Emtricitabine/Tenofovir Disoproxil Fumarate 200/300mg [Truvada], tablets, 30 Tabs",Emtricitabine/Tenofovir Disoproxil Fumarate,Truvada,300/200mg,Tablet - FDC,30,76,1995.0,26.25,0.88,"Aspen-OSD, Port Elizabeth, SA",Yes,7,747.5,3.19
57055,133-NG-T30,FPQ-12812,SCMS-210351,ASN-23946,Nigeria,PMO - US,Direct Drop,EXW,Air,8/13/2013,11/1/2013,18-Feb-14,18-Feb-14,19-Mar-14,HRDT,HIV test,"Orgenics, Ltd","HIV 1/2, Determine Complete HIV Kit, 100 Tests","HIV 1/2, Determine Complete HIV Kit",Determine,,Test kit,100,10798,961022.0,89.0,0.89,"Alere Medical Co., Ltd.",Yes,4388,66059.65,1188.78
43972,116-ZA-T30,FPQ-13973,SCMS-238556,ASN-31854,South Africa,PMO - US,Direct Drop,DDP,Truck,4/30/2014,4/28/2015,28-Apr-15,28-Apr-15,28-Apr-15,ARV,Adult,PHARMACY DIRECT,"Efavirenz 600mg, tablets, 30 Tabs",Efavirenz,Generic,600mg,Tablet,30,60,935.7,15.6,0.52,"Aurobindo Unit III, India",No,Weight Captured Separately,Freight Included in Commodity Cost,0.96
63582,116-ZA-T30,FPQ-12522,SCMS-199289,ASN-28033,South Africa,PMO - US,Direct Drop,DDP,Truck,7/11/2013,8/29/2014,29-Aug-14,29-Aug-14,29-Aug-14,ARV,Pediatric,S. BUYS WHOLESALER,"Efavirenz 200mg, capsule, 90 Caps",Efavirenz,Generic,200mg,Capsule,90,60,1561.82,26.03,0.29,"Aurobindo Unit III, India",No,Weight Captured Separately,Freight Included in Commodity Cost,1.93
83408,151-NG-T30,FPQ-4537,SO-34894,DN-1704,Nigeria,PMO - US,From RDC,N/A - From RDC,Air Charter,11/6/2009,N/A - From RDC,19-Apr-10,31-Mar-10,31-Mar-10,ARV,Adult,SCMS from RDC,"Nevirapine 200mg, tablets, 60 Tabs",Nevirapine,Generic,200mg,Tablet,60,434,1184.82,2.73,0.05,"Aurobindo Unit III, India",Yes,42,Freight Included in Commodity Cost,2.55
47587,105-GY-T30,FPQ-14694,SCMS-252350,ASN-28008,Guyana,PMO - US,Direct Drop,EXW,Air,7/28/2014,8/14/2014,24-Sep-14,24-Sep-14,8-Oct-14,HRDT,HIV test,"Orgenics, Ltd","HIV 1/2, Determine Complete HIV Kit, 100 Tests","HIV 1/2, Determine Complete HIV Kit",Determine,,Test kit,100,605,60500.0,100.0,1.0,"Alere Medical Co., Ltd.",Yes,Weight Captured Separately,Invoiced Separately,62.19
51888,116-ZA-T30,FPQ-13973,SCMS-238555,ASN-29257,South Africa,PMO - US,Direct Drop,DDP,Truck,4/30/2014,11/4/2014,5-Nov-14,5-Nov-14,5-Nov-14,ARV,Adult,PHARMACY DIRECT,"Zidovudine 300mg, tablets, 60 Tabs",Zidovudine,Generic,300mg,Tablet,60,10,249.54,24.95,0.42,"Aurobindo Unit III, India",No,Weight Captured Separately,Freight Included in Commodity Cost,0.26
65574,106-HT-T30,FPQ-4389,SCMS-58010,ASN-5820,Haiti,PMO - US,Direct Drop,CIP,Air,11/3/2009,11/24/2009,24-Feb-10,24-Feb-10,24-Feb-10,ARV,Pediatric,BRISTOL-MYERS SQUIBB,"Didanosine 2g [Videx], powder for oral solution 10mg/ml, reconstitute to 200 ml",Didanosine,Videx,2g,Powder for oral solution,200,192,2417.28,12.59,0.06,"BMS Meymac, France",No,Weight Captured Separately,Freight Included in Commodity Cost,5.21
44304,133-NG-T30,FPQ-14305,SCMS-240830,ASN-27466,Nigeria,PMO - US,Direct Drop,EXW,Air,5/16/2014,6/2/2014,19-Aug-14,19-Aug-14,4-Nov-14,HRDT,HIV test,"Orgenics, Ltd","HIV 1/2, Determine Complete HIV Kit, 100 Tests","HIV 1/2, Determine Complete HIV Kit",Determine,,Test kit,100,4758,423462.0,89.0,0.89,"Alere Medical Co., Ltd.",Yes,1934,28895.07,435.32
72538,114-UG-T30,FPQ-14254,SCMS-239770,ASN-27174,Uganda,PMO - US,Direct Drop,EXW,Air,5/12/2014,5/20/2014,30-Jul-14,30-Jul-14,7-Aug-14,HRDT,HIV test,"Orgenics, Ltd","HIV 1/2, Determine Complete HIV Kit, 100 Tests","HIV 1/2, Determine Complete HIV Kit",Determine,,Test kit,100,6000,480000.0,80.0,0.8,"Alere Medical Co., Ltd.",Yes,2432,23482.06,493.44
85994,109-TZ-T30,FPQ-12015,SO-44993,DN-3300,Tanzania,PMO - US,From RDC,N/A - From RDC,Truck,4/2/2013,N/A - From RDC,25-Oct-13,1-Oct-13,9-Oct-13,ARV,Pediatric,SCMS from RDC,"Lamivudine/Stavudine 30/6mg, dispersible tablets, 60 Tabs",Lamivudine/Stavudine,Generic,30/6mg,Chewable/dispersible tablet - FDC,60,926,1759.4,1.9,0.03,"Cipla, Goa, India",No,See DN-3300 (ID#:82601),See DN-3300 (ID#:82601),2.18
12182,112-NG-T01,Pre-PQ Process,SO-10030,DN-840,Nigeria,PMO - US,From RDC,N/A - From RDC,Air,Pre-PQ Process,N/A - From RDC,3-Aug-08,3-Aug-08,3-Aug-08,ARV,Adult,SCMS from RDC,"Lamivudine/Nevirapine/Stavudine 150/200/30mg, tablets, 60 Tabs",Lamivudine/Nevirapine/Stavudine,Generic,150/200/30mg,Tablet - FDC,60,4685,34669.0,7.4,0.12,"Cipla, Goa, India",No,See DN-840 (ID#:12179),See DN-840 (ID#:12179),55.47
3769,116-ZA-T01,Pre-PQ Process,SCMS-41583,ASN-4339,South Africa,PMO - US,Direct Drop,DDP,Air,Pre-PQ Process,3/27/2009,25-Jun-09,9-Apr-09,9-Apr-09,ARV,Adult,S. BUYS WHOLESALER,"Lopinavir/Ritonavir 200/50mg [Aluvia], tablets, 120 Tabs",Lopinavir/Ritonavir,Aluvia,200/50mg,Tablet,120,1400,49532.0,35.38,0.29,ABBVIE Ludwigshafen Germany,Yes,Weight Captured Separately,Freight Included in Commodity Cost,97.08
12316,113-ZW-T01,Pre-PQ Process,SO-21020,DN-1411,Zimbabwe,PMO - US,From RDC,N/A - From RDC,Truck,Date Not Captured,N/A - From RDC,22-Sep-09,22-Sep-09,22-Sep-09,ARV,Adult,SCMS from RDC,"Lamivudine/Stavudine 150/30mg, tablets, 60 Tabs",Lamivudine/Stavudine,Generic,150/30mg,Tablet - FDC,60,4000,16000.0,4.0,0.07,"Cipla, Goa, India",No,See DN-1411 (ID#:11352),See DN-1411 (ID#:11352),31.36
84225,101-CD-T30,FPQ-11096,SO-43750,DN-3017,"Congo, DRC",PMO - US,From RDC,N/A - From RDC,Air,11/20/2012,N/A - From RDC,18-Mar-13,8-Aug-13,8-Aug-13,ARV,Pediatric,SCMS from RDC,"Abacavir/Lamivudine 60/30mg, tablets, 60 Tabs",Abacavir/Lamivudine,Generic,60/30mg,Tablet - FDC,60,54,248.4,4.6,0.08,"Aurobindo Unit III, India",No,See DN-3017 (ID#:83108),See DN-3017 (ID#:83108),0.31
10695,104-CI-T01,Pre-PQ Process,SO-791,DN-641,Côte d'Ivoire,PMO - US,From RDC,N/A - From RDC,,Pre-PQ Process,N/A - From RDC,3-Mar-08,3-Mar-08,3-Mar-08,HRDT,HIV test - Ancillary,SCMS from RDC,"HIV, Lancet, Safety, for HIV Test kits, 100 Pcs","HIV, Lancet, Safety, for HIV Test kits, 100 Pcs",Generic,,Test kit - Ancillary,100,1505,15.05,0.01,0.0,Inverness Japan,Yes,440,1759.4,0.02
36172,116-ZA-T30,FPQ-5535,SCMS-71370,ASN-7373,South Africa,PMO - US,Direct Drop,DDP,Truck,4/19/2010,4/21/2010,31-May-10,31-May-10,31-May-10,ARV,Pediatric,S. BUYS WHOLESALER,"Efavirenz 200mg, capsule, 90 Caps",Efavirenz,Generic,200mg,Capsule,90,80,2666.08,33.33,0.37,"Aurobindo Unit III, India",No,Weight Captured Separately,Freight Included in Commodity Cost,5.75
86528,110-ZM-T30,FPQ-9773,SO-41990,DN-2919,Zambia,PMO - US,From RDC,N/A - From RDC,Truck,4/27/2012,N/A - From RDC,17-Dec-12,17-Dec-12,17-Dec-12,ARV,Adult,SCMS from RDC,"Efavirenz/Emtricitabine/Tenofovir Disoproxil Fumarate 600/200/300mg, tablets, 30 Tabs",Efavirenz/Emtricitabine/Tenofovir Disoproxil Fumarate,Generic,600/200/300mg,Tablet - FDC,30,107000,1538660.0,14.38,0.48,Mylan (formerly Matrix) Nashik,No,See DN-2919 (ID#:84201),See DN-2919 (ID#:84201),2157.2
68872,114-UG-T30,FPQ-9923,SCMS-149960,ASN-16320,Uganda,PMO - US,Direct Drop,EXW,Air,5/28/2012,6/26/2012,21-Sep-12,21-Sep-12,21-Sep-12,ARV,Adult,MYLAN LABORATORIES LTD (FORMERLY MATRIX LABORATORIES),"Atazanavir/Ritonavir 300/100mg, tablets, 30 Tabs",Atazanavir/Ritonavir,Generic,300/100mg,Tablet,30,1262,28395.0,22.5,0.75,Mylan (formerly Matrix) Nashik,Yes,173,935.89,39.81
86290,109-TZ-T30,FPQ-5237,SO-36220,DN-1768,Tanzania,PMO - US,From RDC,N/A - From RDC,Air,3/1/2010,N/A - From RDC,21-Jul-10,21-Apr-10,21-Apr-10,ARV,Adult,SCMS from RDC,"Nevirapine 200mg, tablets, 60 Tabs",Nevirapine,Generic,200mg,Tablet,60,3319,9060.87,2.73,0.05,"Aurobindo Unit III, India",Yes,699,3952.34,19.54
85195,200-ZW-T30,FPQ-6483,SO-38902,DN-2290,Zimbabwe,PMO - US,From RDC,N/A - From RDC,Air,10/13/2010,N/A - From RDC,30-Sep-11,4-Aug-11,4-Aug-11,ARV,Pediatric,SCMS from RDC,"Lamivudine/Stavudine 60/12mg, dispersible tablets, 60 Tabs",Lamivudine/Stavudine,Generic,60/12mg,Chewable/dispersible tablet - FDC,60,5287,17447.1,3.3,0.06,"Cipla, Goa, India",Yes,357,2001.46,37.62
86651,104-CI-T30,FPQ-11253,SO-44200,DN-3517,Côte d'Ivoire,PMO - US,From RDC,N/A - From RDC,Truck,12/14/2012,N/A - From RDC,10-Feb-14,5-Feb-14,4-Mar-14,ARV,Adult,SCMS from RDC,"Lamivudine/Nevirapine/Zidovudine 150/200/300mg, tablets, 60 Tabs",Lamivudine/Nevirapine/Zidovudine,Generic,150/300/200mg,Tablet - FDC,60,93700,773962.0,8.26,0.14,Hetero Unit III Hyderabad IN,Yes,12220,42859.56,957.39
79955,111-MZ-T30,FPQ-15221,SCMS-270120,ASN-32420,Mozambique,PMO - US,Direct Drop,CIP,Air,10/28/2014,12/19/2014,9-Jun-15,9-Jun-15,16-Jul-15,ARV,Adult,MERCK SHARP & DOHME IDEA GMBH (FORMALLY MERCK SHARP & DOHME B.V.),"Raltegravir 400mg [Isentress], tablets, 60 Tabs",Raltegravir,Isentress,400mg,Tablet,60,162,8991.0,55.5,0.92,"MSD, Haarlem, NL",No,Weight Captured Separately,Freight Included in Commodity Cost,10.58
23173,106-HT-T30,FPQ-14895,SCMS-261110,ASN-30364,Haiti,PMO - US,Direct Drop,EXW,Ocean,9/24/2014,11/14/2014,31-Mar-15,31-Mar-15,1-Apr-15,ARV,Adult,MYLAN LABORATORIES LTD (FORMERLY MATRIX LABORATORIES),"Lamivudine/Zidovudine 150/300mg, tablets, 60 Tabs",Lamivudine/Zidovudine,Generic,150/300mg,Tablet - FDC,60,75816,492045.84,6.49,0.11,Mylan (formerly Matrix) Nashik,Yes,6452,10477.63,505.82
25201,108-VN-T30,FPQ-4266,SCMS-56530,ASN-7262,Vietnam,PMO - US,Direct Drop,EXW,Air,10/20/2009,11/9/2009,6-Jul-10,6-Jul-10,6-Jul-10,ARV,Adult,Aurobindo Pharma Limited,"Lamivudine/Nevirapine/Zidovudine 150/200/300mg, tablets, 60 Tabs",Lamivudine/Nevirapine/Zidovudine,Generic,150/300/200mg,Tablet - FDC,60,16500,183975.0,11.15,0.19,"Aurobindo Unit III, India",Yes,3802,26084.14,360.59
11089,111-MZ-T01,Pre-PQ Process,SO-324,DN-17,Mozambique,PMO - US,From RDC,N/A - From RDC,Air,Pre-PQ Process,N/A - From RDC,9-Jan-07,9-Jan-07,9-Jan-07,ARV,Adult,SCMS from RDC,"Lamivudine/Zidovudine+Abacavir 150/300+300mg, tablets, co-blister, 60+60 Tabs",Lamivudine/Zidovudine+Abacavir,Generic,150/300+300mg,Tablet - FDC + co-blister,120,1217,69429.85,57.05,0.48,"Aurobindo Unit III, India",No,See DN-17 (ID#:10541),See DN-17 (ID#:10541),
45090,116-ZA-T30,FPQ-11828,SCMS-183950,ASN-19166,South Africa,South Africa Field Office,Direct Drop,DDP,Truck,3/18/2013,Date Not Captured,16-Apr-13,16-Apr-13,16-Apr-13,ARV,Adult,S. BUYS WHOLESALER,"Tenofovir Disoproxil Fumarate 300mg, tablets, 30 Tabs",Tenofovir Disoproxil Fumarate,Generic,300mg,Tablet,30,621,12768.22,20.56,0.69,"Aurobindo Unit III, India",No,Weight Captured Separately,Freight Included in Commodity Cost,15.79
2794,109-TZ-T01,Pre-PQ Process,SCMS-10310,ASN-893,Tanzania,PMO - US,Direct Drop,EXW,Air,Pre-PQ Process,Date Not Captured,19-Dec-07,19-Dec-07,19-Dec-07,HRDT,HIV test,"Standard Diagnostics, Inc.","HIV 1/2, Bioline 3.0 Kit, Lancets, Capillary pipets, Alcohol swabs included, 25 Tests","HIV 1/2, Bioline 3.0 Kit, Lancets, Capillary pipets, Alcohol swabs included",Bioline,,Test kit,25,10000,200000.0,20.0,0.8,"Standard Diagnostics, Korea",Yes,3336,27791.62,320.0
12233,110-ZM-T01,Pre-PQ Process,SO-2477,DN-854,Zambia,PMO - US,From RDC,N/A - From RDC,Truck,Pre-PQ Process,N/A - From RDC,20-Aug-08,20-Aug-08,20-Aug-08,ARV,Pediatric,SCMS from RDC,"Didanosine 100mg, chewable/dispersible tablets, 60 Tabs",Didanosine,Generic,100mg,Chewable/dispersible tablet,60,3600,27900.0,7.75,0.13,"Aurobindo Unit III, India",Yes,750,813.75,44.64
86629,105-GY-T30,FPQ-12619,SO-46100,DN-3409,Guyana,PMO - US,From RDC,N/A - From RDC,Air,7/16/2013,N/A - From RDC,31-Dec-13,30-Nov-13,23-Dec-13,ARV,Pediatric,SCMS from RDC,"Abacavir 20mg/ml, oral solution w/syringe, Bottle, 240 ml",Abacavir,Generic,20mg/ml,Oral solution,240,49,416.99,8.51,0.04,"Aurobindo Unit III, India",No,See DN-3409 (ID#:84306),See DN-3409 (ID#:84306),0.52
73585,116-ZA-T30,FPQ-14942,SCMS-259074,ASN-31069,South Africa,PMO - US,Direct Drop,DDP,Truck,9/11/2014,3/9/2015,9-Mar-15,9-Mar-15,9-Mar-15,ARV,Adult,PHARMACY DIRECT,"Raltegravir 400mg [Isentress], tablets, 60 Tabs",Raltegravir,Isentress,400mg,Tablet,60,62,3792.2,61.16,1.02,"MSD, Haarlem, NL",No,Weight Captured Separately,Freight Included in Commodity Cost,3.9
12751,112-NG-T01,Pre-PQ Process,SO-567,DN-475,Nigeria,PMO - US,From RDC,N/A - From RDC,Air,Pre-PQ Process,N/A - From RDC,3-Dec-07,3-Dec-07,3-Dec-07,ARV,Adult,SCMS from RDC,"Lamivudine 150mg, tablets, 60 Tabs",Lamivudine,Generic,150mg,Tablet,60,645,2134.95,3.31,0.06,"Aurobindo Unit III, India",No,See DN-475 (ID#:10642),See DN-475 (ID#:10642),3.42
12213,104-CI-T01,Pre-PQ Process,SO-19330,DN-1031,Côte d'Ivoire,PMO - US,From RDC,N/A - From RDC,Air,Pre-PQ Process,N/A - From RDC,5-Jan-09,5-Jan-09,5-Jan-09,ARV,Adult,SCMS from RDC,"Lamivudine/Zidovudine 150/300mg, tablets, 60 Tabs",Lamivudine/Zidovudine,Generic,150/300mg,Tablet - FDC,60,27224,254544.4,9.35,0.16,"Aurobindo Unit III, India",Yes,2506,23382.04,498.91
86663,109-TZ-T30,FPQ-12015,SO-44994,DN-3594,Tanzania,PMO - US,From RDC,N/A - From RDC,Truck,4/2/2013,N/A - From RDC,30-Apr-14,17-Apr-14,28-Apr-14,ARV,Pediatric,SCMS from RDC,"Efavirenz 200mg, scored tablets, 90 Tabs",Efavirenz,Generic,200mg,Tablet,90,135,1255.5,9.3,0.1,"Strides, Bangalore, India.",Yes,8,1231.6,1.55
34961,116-ZA-T30,FPQ-3560,SCMS-49641,ASN-5159,South Africa,PMO - US,Direct Drop,DDP,Truck,5/7/2009,7/21/2009,7-Aug-09,7-Aug-09,7-Aug-09,ARV,Pediatric,S. BUYS WHOLESALER,"Zidovudine 100mg [Retrovir], capsules, 100 Caps",Zidovudine,Retrovir,100mg,Capsule,100,1056,17046.74,16.14,0.16,GSK Crawley,Yes,Weight Captured Separately,Freight Included in Commodity Cost,33.41
24581,116-ZA-T30,FPQ-14942,SCMS-259075,ASN-32138,South Africa,PMO - US,Direct Drop,DDP,Truck,9/11/2014,5/11/2015,12-May-15,12-May-15,12-May-15,ARV,Adult,PHARMACY DIRECT,"Etravirine 100mg [Intelence], tablets, 120 Tabs",Etravirine,Intelence,100mg,Tablet,120,3,76.78,25.59,0.21,"Janssen-Cilag, Latina, IT",No,Weight Captured Separately,Freight Included in Commodity Cost,0.08
33179,114-UG-T30,FPQ-15314,SCMS-264750,ASN-31496,Uganda,PMO - US,Direct Drop,EXW,Air,11/11/2014,12/4/2014,5-May-15,5-May-15,5-May-15,HRDT,HIV test,"Orgenics, Ltd","HIV 1/2, Determine Complete HIV Kit, 100 Tests","HIV 1/2, Determine Complete HIV Kit",Determine,,Test kit,100,6227,498160.0,80.0,0.8,"Alere Medical Co., Ltd.",Yes,2527,20534.4,586.33
85779,113-ZW-T30,FPQ-6470,SO-37840,DN-2307,Zimbabwe,PMO - US,From RDC,N/A - From RDC,Truck,10/13/2010,N/A - From RDC,6-Sep-11,5-Sep-11,5-Sep-11,ARV,Adult,SCMS from RDC,"Efavirenz 600mg, tablets, 30 Tabs",Efavirenz,Generic,600mg,Tablet,30,6392,27741.28,4.34,0.14,Hetero Unit III Hyderabad IN,Yes,539,1709.78,59.81
30850,102-SD-T30,FPQ-8261,SCMS-120450,ASN-13276,Sudan,PMO - US,Direct Drop,EXW,Air,8/29/2011,9/14/2011,3-Feb-12,3-Feb-12,3-Feb-12,HRDT,HIV test,"Orgenics, Ltd","HIV 1/2, Determine Complete HIV Kit, 100 Tests","HIV 1/2, Determine Complete HIV Kit",Determine,,Test kit,100,105,9345.0,89.0,0.89,"Alere Medical Co., Ltd.",Yes,49,1768.15,15.42
83071,110-ZM-T30,FPQ-8476,SO-40956,DN-2832,Zambia,PMO - US,From RDC,N/A - From RDC,Truck,9/27/2011,N/A - From RDC,17-Sep-12,7-Sep-12,7-Sep-12,ARV,Adult,SCMS from RDC,"Zidovudine 300mg, tablets, 60 Tabs",Zidovudine,Generic,300mg,Tablet,60,27633,186799.08,6.76,0.11,Hetero Unit III Hyderabad IN,No,See DN-2832 (ID#:82505),See DN-2832 (ID#:82505),308.22
82882,114-UG-T30,FPQ-5238,SO-36060,DN-1818,Uganda,PMO - US,From RDC,N/A - From RDC,Air,3/2/2010,N/A - From RDC,2-Jun-10,3-May-10,3-May-10,ARV,Adult,SCMS from RDC,"Lamivudine/Zidovudine 150/300mg, tablets, 60 Tabs",Lamivudine/Zidovudine,Generic,150/300mg,Tablet - FDC,60,4000,35040.0,8.76,0.15,Hetero Unit III Hyderabad IN,Yes,263,2458.26,75.55
82663,111-MZ-T30,FPQ-13123,SO-47082,DN-3612,Mozambique,PMO - US,From RDC,N/A - From RDC,Truck,10/21/2013,N/A - From RDC,23-May-14,23-May-14,4-Jun-14,ARV,Pediatric,SCMS from RDC,"Nevirapine 10mg/ml, oral suspension w/syringe, Bottle, 240 ml",Nevirapine,Generic,10mg/ml,Oral suspension,240,26200,48732.0,1.86,0.01,"Aurobindo Unit III, India",Yes,5343,12803.35,50.1
41568,108-VN-T30,FPQ-9576,SCMS-145290,ASN-15777,Vietnam,PMO - US,Direct Drop,EXW,Air,4/11/2012,6/8/2012,23-Aug-12,23-Aug-12,23-Aug-12,ARV,Pediatric,Aurobindo Pharma Limited,"Zidovudine 10mg/ml, oral solution w/syringe, Bottle, 240 ml",Zidovudine,Generic,10mg/ml,Oral solution,240,150,315.0,2.1,0.01,"Aurobindo Unit III, India",Yes,58,755.03,0.44
12451,112-NG-T01,Pre-PQ Process,SO-1430,DN-567,Nigeria,PMO - US,From RDC,N/A - From RDC,Air,Pre-PQ Process,N/A - From RDC,16-Jan-08,24-Jan-08,24-Jan-08,ARV,Adult,SCMS from RDC,"Lamivudine/Nevirapine/Zidovudine 150/200/300mg, tablets, 60 Tabs",Lamivudine/Nevirapine/Zidovudine,Generic,150/300/200mg,Tablet - FDC,60,4836,99138.0,20.5,0.34,"Aurobindo Unit III, India",Yes,531,3228,158.62
6411,116-ZA-T01,Pre-PQ Process,SCMS-41463,ASN-5420,South Africa,PMO - US,Direct Drop,DDP,Air,Pre-PQ Process,3/18/2009,25-Jun-09,30-Oct-09,30-Oct-09,ARV,Pediatric,S. BUYS WHOLESALER,"Lamivudine 10mg/ml, oral solution, Bottle, 240 ml",Lamivudine,Generic,10mg/ml,Oral solution,240,3304,18667.6,5.65,0.02,"Aurobindo Unit III, India",Yes,Weight Captured Separately,Freight Included in Commodity Cost,40.25
25796,108-VN-T30,FPQ-12051,SCMS-188660,ASN-22072,Vietnam,PMO - US,Direct Drop,EXW,Air,5/3/2013,5/15/2013,27-Nov-13,27-Nov-13,27-Nov-13,ARV,Adult,MYLAN LABORATORIES LTD (FORMERLY MATRIX LABORATORIES),"Lamivudine/Zidovudine 150/300mg, tablets, 60 Tabs",Lamivudine/Zidovudine,Generic,150/300mg,Tablet - FDC,60,23063,155675.25,6.75,0.11,Mylan (formerly Matrix) Nashik,Yes,1984,3225.12,192.57
85402,105-GY-T30,FPQ-12047,SO-45050,DN-3331,Guyana,PMO - US,From RDC,N/A - From RDC,Air,4/15/2013,N/A - From RDC,30-Sep-13,4-Oct-13,22-Oct-13,ARV,Pediatric,SCMS from RDC,"Zidovudine 10mg/ml, oral solution w/syringe, Bottle, 240 ml",Zidovudine,Generic,10mg/ml,Oral solution,240,160,336.0,2.1,0.01,"Aurobindo Unit III, India",No,See DN-3331 (ID#:82603),See DN-3331 (ID#:82603),0.42
46411,104-CI-T30,FPQ-12135,SCMS-188310,ASN-23737,Côte d'Ivoire,PMO - US,Direct Drop,EXW,Air,4/18/2013,5/21/2013,22-Jan-14,22-Jan-14,27-Jan-14,HRDT,HIV test,"Orgenics, Ltd","HIV 1/2, Determine Complete HIV Kit, 100 Tests","HIV 1/2, Determine Complete HIV Kit",Determine,,Test kit,100,4400,352000.0,80.0,0.8,"Alere Medical Co., Ltd.",Yes,1808,23237.62,435.42
80105,114-UG-T30,FPQ-13116,SCMS-212410,ASN-23225,Uganda,PMO - US,Direct Drop,EXW,Air,10/23/2013,10/30/2013,17-Jan-14,17-Jan-14,22-Jan-14,ARV,Pediatric,CIPLA LIMITED,"Lamivudine/Nevirapine/Zidovudine 30/50/60mg, dispersible tablets, 60 Tabs",Lamivudine/Nevirapine/Zidovudine,Generic,30/50/60mg,Chewable/dispersible tablet - FDC,60,6200,24800.0,4.0,0.07,"Cipla, Goa, India",Yes,597,2905.49,25.49
2995,116-ZA-T01,Pre-PQ Process,SCMS-16600,ASN-1520,South Africa,PMO - US,Direct Drop,DDP,,Pre-PQ Process,1/4/2008,21-Jan-08,4-Jan-08,4-Jan-08,ARV,Adult,"JSI R&T INSTITUTE, INC.","Emtricitabine/Tenofovir Disoproxil Fumarate 200/300mg [Truvada], tablets, 30 Tabs",Emtricitabine/Tenofovir Disoproxil Fumarate,Truvada,300/200mg,Tablet - FDC,30,30,1271.1,42.37,1.41,"Aspen-OSD, Port Elizabeth, SA",No,Weight Captured Separately,Freight Included in Commodity Cost,2.03
86060,105-GY-T30,FPQ-13071,SO-46800,DN-3585,Guyana,PMO - US,From RDC,N/A - From RDC,Air,10/9/2013,N/A - From RDC,31-Mar-14,3-Apr-14,6-Jun-14,ARV,Adult,SCMS from RDC,"Lopinavir/Ritonavir 200/50mg, tablets, 120 Tabs",Lopinavir/Ritonavir,Generic,200/50mg,Tablet,120,1484,31164.0,21.0,0.18,"Aurobindo Unit III, India",No,See DN-3585 (ID#:83223),See DN-3585 (ID#:83223),32.04
10834,104-CI-T01,Pre-PQ Process,SO-560,DN-146,Côte d'Ivoire,PMO - US,From RDC,N/A - From RDC,,Pre-PQ Process,N/A - From RDC,16-May-07,16-May-07,16-May-07,ARV,Adult,SCMS from RDC,"Abacavir 300mg, tablets, 60 Tabs",Abacavir,Generic,300mg,Tablet,60,268,9594.4,35.8,0.6,"Aurobindo Unit III, India",Yes,151,1516,
83232,111-MZ-T30,FPQ-13124,SO-47051,DN-3624,Mozambique,PMO - US,From RDC,N/A - From RDC,Truck,10/21/2013,N/A - From RDC,30-Jun-14,3-Jun-14,11-Jun-14,ARV,Adult,SCMS from RDC,"Lamivudine/Tenofovir Disoproxil Fumarate 300/300mg, tablets, 30 Tabs",Lamivudine/Tenofovir Disoproxil Fumarate,Generic,300/300mg,Tablet - FDC,30,3464,16280.8,4.7,0.16,Hetero Unit III Hyderabad IN,Yes,359,Freight Included in Commodity Cost,16.74
836,116-ZA-T01,Pre-PQ Process,SCMS-33320,ASN-3892,South Africa,PMO - US,Direct Drop,DDP,Truck,Pre-PQ Process,Date Not Captured,17-May-09,17-May-09,17-May-09,ARV,Adult,S. BUYS WHOLESALER,"Tenofovir Disoproxil Fumarate 300mg [Viread], tablets, 30 Tabs",Tenofovir Disoproxil Fumarate,Viread,300mg,Tablet,30,120,2745.6,22.88,0.76,"Aspen-OSD, Port Elizabeth, SA",Yes,Weight Captured Separately,Freight Included in Commodity Cost,5.38
5658,114-UG-T01,Pre-PQ Process,SCMS-18910,ASN-1614,Uganda,PMO - US,Direct Drop,EXW,Air,Pre-PQ Process,3/13/2008,2-Jun-08,2-Jun-08,2-Jun-08,HRDT,HIV test,"Trinity Biotech, Plc","HIV 1/2, Uni-Gold HIV Kit, 20 Tests","HIV 1/2, Uni-Gold HIV Kit",Uni-Gold,,Test kit,20,85,2720.0,32.0,1.6,"Trinity Biotech, Plc",Yes,85,1253.98,4.35
8271,128-BJ-T01,Pre-PQ Process,SCMS-17290,ASN-1355,Benin,PMO - US,Direct Drop,EXW,Air,Pre-PQ Process,2/6/2008,4-Mar-08,4-Mar-08,4-Mar-08,HRDT,HIV test,"Standard Diagnostics, Inc.","HIV 1/2, Bioline 3.0 Kit, Lancets, Capillary pipets, Alcohol swabs included, 25 Tests","HIV 1/2, Bioline 3.0 Kit, Lancets, Capillary pipets, Alcohol swabs included",Bioline,,Test kit,25,232,4640.0,20.0,0.8,"Standard Diagnostics, Korea",Yes,70,1136.37,7.42
56772,108-VN-T30,FPQ-9577,SCMS-145530,ASN-16123,Vietnam,PMO - US,Direct Drop,EXW,Air,4/11/2012,6/12/2012,9-Oct-12,9-Oct-12,9-Oct-12,ARV,Adult,MYLAN LABORATORIES LTD (FORMERLY MATRIX LABORATORIES),"Tenofovir Disoproxil Fumarate 300mg, tablets, 30 Tabs",Tenofovir Disoproxil Fumarate,Generic,300mg,Tablet,30,41296,185419.04,4.49,0.15,Mylan (formerly Matrix) Nashik,No,See ASN-16123 (ID#:20371),See ASN-16123 (ID#:20371),259.96
52367,901-GH-T30,FPQ-14101,SCMS-245410,ASN-28061,Ghana,PMO - US,Direct Drop,EXW,Ocean,4/30/2014,7/8/2014,10-Nov-14,10-Nov-14,12-Nov-14,ARV,Adult,STRIDES ARCOLAB LIMITED,"Efavirenz 600mg, tablets, 30 Tabs",Efavirenz,Generic,600mg,Tablet,30,167716,535014.04,3.19,0.11,"Strides, Bangalore, India.",Yes,10803,24636.23,549.99
84649,151-NG-T30,FPQ-6800,SO-38250,DN-2175,Nigeria,PMO - US,From RDC,N/A - From RDC,Air Charter,12/7/2010,N/A - From RDC,21-Jun-11,11-May-11,11-May-11,ARV,Adult,SCMS from RDC,"Nevirapine 200mg, tablets, 60 Tabs",Nevirapine,Generic,200mg,Tablet,60,41142,103266.42,2.51,0.04,"Strides, Bangalore, India.",Yes,2822,12601.12,170.39
84472,151-NG-T30,FPQ-14989,SO-51422,DN-4274,Nigeria,PMO - US,From RDC,N/A - From RDC,Air Charter,9/19/2014,N/A - From RDC,30-Jun-15,15-May-15,22-May-15,ARV,Pediatric,SCMS from RDC,"Lamivudine/Nevirapine/Zidovudine 30/50/60mg, dispersible tablets, 60 Tabs",Lamivudine/Nevirapine/Zidovudine,Generic,30/50/60mg,Chewable/dispersible tablet - FDC,60,112000,403200.0,3.6,0.06,"Strides, Bangalore, India.",Yes,6295,16941,414.49
12388,104-CI-T01,Pre-PQ Process,SO-523,DN-260,Côte d'Ivoire,PMO - US,From RDC,N/A - From RDC,,Pre-PQ Process,N/A - From RDC,3-Aug-07,3-Aug-07,3-Aug-07,ARV,Adult,SCMS from RDC,"Lamivudine/Nevirapine/Stavudine 150/200/30mg, tablets, 60 Tabs",Lamivudine/Nevirapine/Stavudine,Generic,150/200/30mg,Tablet - FDC,60,23472,176040.0,7.5,0.12,"Cipla, Goa, India",No,See DN-260 (ID#:11426),See DN-260 (ID#:11426),281.66
84110,110-ZM-T30,FPQ-6319,SO-38950,DN-2349,Zambia,PMO - US,From RDC,N/A - From RDC,Truck,9/1/2010,N/A - From RDC,14-Apr-11,5-Aug-11,5-Aug-11,ARV,Adult,SCMS from RDC,"Efavirenz/Emtricitabine/Tenofovir Disoproxil Fumarate 600/200/300mg, tablets, 30 Tabs",Efavirenz/Emtricitabine/Tenofovir Disoproxil Fumarate,Generic,600/200/300mg,Tablet - FDC,30,13154,262027.68,19.92,0.66,Mylan (formerly Matrix) Nashik,Yes,1456,3949.18,564.93
7975,114-UG-T01,Pre-PQ Process,SCMS-176,ASN-129,Uganda,PMO - US,Direct Drop,EXW,Air,Pre-PQ Process,Date Not Captured,22-Dec-06,22-Dec-06,22-Dec-06,ARV,Adult,ASPEN PHARMACARE,"Lamivudine/Zidovudine+Nevirapine 150/300+200mg, tablets, co-blister, 60+60 Tabs",Lamivudine/Zidovudine+Nevirapine,Generic,150/300+200mg,Tablet - FDC + co-blister,120,1270,26670.0,21.0,0.18,"Aspen-OSD, Port Elizabeth, SA",Yes,201,1262.91,
5366,100-HT-T01,Pre-PQ Process,SCMS-10080,ASN-606,Haiti,PMO - US,Direct Drop,EXW,Air,Pre-PQ Process,7/26/2007,13-Aug-07,7-Aug-07,7-Aug-07,HRDT,HIV test - Ancillary,"Orgenics, Ltd","HIV, Lancet, Safety, for HIV Test kits, 100 Pcs","HIV, Lancet, Safety, for HIV Test kits, 100 Pcs",Generic,,Test kit - Ancillary,100,300,3.0,0.01,0.0,Inverness Japan,Yes,24,240,0.0
32316,102-SD-T30,FPQ-8264,SCMS-121842,ASN-12830,Sudan,PMO - US,Direct Drop,EXW,Air,9/7/2011,9/14/2011,6-Jan-12,6-Jan-12,6-Jan-12,HRDT,HIV test - Ancillary,"Orgenics, Ltd","Capillary Tubes, for Determine, EDTA, 50uL,100 Pcs","HIV, Capillary Tubes, for Determine, EDTA, 50uL,100 Pcs",Determine,,Test kit - Ancillary,100,2,16.0,8.0,0.08,"Alere Medical Co., Ltd.",Yes,2,885.49,0.03
14331,108-VN-T30,FPQ-3896,SCMS-48280,ASN-4871,Vietnam,PMO - US,Direct Drop,EXW,Air,6/25/2009,6/29/2009,28-Sep-09,28-Sep-09,28-Sep-09,ARV,Adult,MYLAN LABORATORIES LTD (FORMERLY MATRIX LABORATORIES),"Efavirenz 600mg, tablets, 30 Tabs",Efavirenz,Generic,600mg,Tablet,30,3528,22932.0,6.5,0.22,Mylan (formerly Matrix) Nashik,Yes,383,1162.52,44.95
12541,104-CI-T01,Pre-PQ Process,SO-21870,DN-1087,Côte d'Ivoire,PMO - US,From RDC,N/A - From RDC,Air,Pre-PQ Process,N/A - From RDC,2-Mar-09,2-Mar-09,2-Mar-09,ARV,Adult,SCMS from RDC,"Nevirapine 200mg, tablets, 60 Tabs",Nevirapine,Generic,200mg,Tablet,60,22566,67698.0,3.0,0.05,"Aurobindo Unit III, India",Yes,2113,5574.06,132.69
84276,151-NG-T30,FPQ-11022,SO-45204,DN-3240,Nigeria,PMO - US,From RDC,N/A - From RDC,Air Charter,11/15/2012,N/A - From RDC,22-Jul-13,23-Jul-13,23-Jul-13,ARV,Pediatric,SCMS from RDC,"Lamivudine/Stavudine 60/12mg, dispersible tablets, 60 Tabs",Lamivudine/Stavudine,Generic,60/12mg,Chewable/dispersible tablet - FDC,60,1945,6418.5,3.3,0.06,"Cipla, Goa, India",Yes,165,Freight Included in Commodity Cost,7.94
11577,110-ZM-T01,Pre-PQ Process,SO-2486,DN-912,Zambia,PMO - US,From RDC,N/A - From RDC,Truck,Pre-PQ Process,N/A - From RDC,23-Sep-08,23-Sep-08,23-Sep-08,ARV,Adult,SCMS from RDC,"Lamivudine/Zidovudine 150/300mg, tablets, 60 Tabs",Lamivudine/Zidovudine,Generic,150/300mg,Tablet - FDC,60,26402,249498.9,9.45,0.16,"Aurobindo Unit III, India",Yes,6986,6269.7,399.2
10628,104-CI-T01,Pre-PQ Process,SO-845,DN-376,Côte d'Ivoire,PMO - US,From RDC,N/A - From RDC,Air,Pre-PQ Process,N/A - From RDC,2-Oct-07,2-Oct-07,2-Oct-07,HRDT,HIV test,SCMS from RDC,"HIV 1/2, Determine Complete HIV Kit, 100 Tests","HIV 1/2, Determine Complete HIV Kit",Determine,,Test kit,100,1150,82800.0,72.0,0.72,Inverness Japan,Yes,476,2172,132.48
35488,133-NG-T30,FPQ-14995,SCMS-260700,ASN-29930,Nigeria,PMO - US,Direct Drop,EXW,Air,9/22/2014,10/29/2014,19-Jan-15,16-Jan-15,22-Jan-15,HRDT,HIV test,"Orgenics, Ltd","HIV 1/2, Determine Complete HIV Kit, 100 Tests","HIV 1/2, Determine Complete HIV Kit",Determine,,Test kit,100,3054,271806.0,89.0,0.89,"Alere Medical Co., Ltd.",Yes,1241,15994.73,279.42
8209,100-KZ-T01,Pre-PQ Process,SCMS-14780,ASN-1139,Kazakhstan,PMO - US,Direct Drop,DDP,Air,Pre-PQ Process,11/30/2007,23-Jan-08,23-Jan-08,23-Jan-08,HRDT,HIV test,Orasure Technologies Inc.,"HIV 1/2, OraQuick Advance HIV Rapid Antibody Kit, 100 Tests","HIV 1/2, OraQuick Advance HIV Rapid Antibody Kit",OraQuick,,Test kit,100,50,17500.0,350.0,3.5,"Pacific Biotech, Thailand",Yes,Weight Captured Separately,Freight Included in Commodity Cost,28.0
16098,106-HT-T30,FPQ-15038,SCMS-262840,ASN-31820,Haiti,PMO - US,Direct Drop,EXW,Ocean,10/22/2014,12/24/2014,3-Jul-15,3-Jul-15,13-Jul-15,ARV,Pediatric,MYLAN LABORATORIES LTD (FORMERLY MATRIX LABORATORIES),"Abacavir/Lamivudine 60/30mg, tablets, 60 Tabs",Abacavir/Lamivudine,Generic,60/30mg,Tablet - FDC,60,3300,13035.0,3.95,0.07,Mylan (formerly Matrix) Nashik,Yes,16350,16028.78,13.4
83135,102-BI-T30,FPQ-11661,SO-44660,DN-3129,Burundi,PMO - US,From RDC,N/A - From RDC,Air,2/20/2013,N/A - From RDC,30-Jun-13,9-May-13,9-May-13,ARV,Adult,SCMS from RDC,"Abacavir 300mg, tablets, 60 Tabs",Abacavir,Generic,300mg,Tablet,60,180,2332.8,12.96,0.22,Mylan (formerly Matrix) Nashik,Yes,123,1501.4,2.89
13231,116-ZA-T30,FPQ-12522,SCMS-199283,ASN-27978,South Africa,PMO - US,Direct Drop,DDP,Truck,7/11/2013,8/27/2014,27-Aug-14,27-Aug-14,27-Aug-14,ARV,Adult,S. BUYS WHOLESALER,"Zidovudine 300mg, tablets, 60 Tabs",Zidovudine,Generic,300mg,Tablet,60,14,389.56,27.83,0.46,"Aurobindo Unit III, India",Yes,Weight Captured Separately,Freight Included in Commodity Cost,0.48
31462,107-RW-T30,FPQ-6185,SCMS-84390,ASN-9365,Rwanda,PMO - US,Direct Drop,CIP,Air,9/3/2010,9/27/2010,10-Jan-11,10-Jan-11,10-Jan-11,ARV,Adult,Aurobindo Pharma Limited,"Didanosine 250mg, delayed-release capsules, 30 Caps",Didanosine,Generic,250mg,Delayed-release capsules,30,610,8082.5,13.25,0.44,"Aurobindo Unit III, India",Yes,Weight Captured Separately,Freight Included in Commodity Cost,17.43
85703,104-CI-T30,FPQ-5623,SO-36900,DN-2001,Côte d'Ivoire,PMO - US,From RDC,N/A - From RDC,Air,5/7/2010,N/A - From RDC,21-Sep-10,6-Sep-10,6-Sep-10,ARV,Adult,SCMS from RDC,"Lamivudine/Zidovudine 150/300mg, tablets, 60 Tabs",Lamivudine/Zidovudine,Generic,150/300mg,Tablet - FDC,60,40752,348429.6,8.55,0.14,Hetero Unit III Hyderabad IN,Yes,3506,8815.65,751.21
86461,114-UG-T30,FPQ-9321,SO-41521,DN-2596,Uganda,PMO - US,From RDC,N/A - From RDC,Truck,2/10/2012,N/A - From RDC,24-Apr-12,3-Apr-12,3-Apr-12,ARV,Adult,SCMS from RDC,"Efavirenz 600mg, tablets, 30 Tabs",Efavirenz,Generic,600mg,Tablet,30,1150,4738.0,4.12,0.14,"Strides, Bangalore, India.",Yes,70,1494.6,6.64
8061,109-TZ-T01,Pre-PQ Process,SCMS-10250,ASN-682,Tanzania,PMO - US,Direct Drop,EXW,Air,Pre-PQ Process,Date Not Captured,25-Oct-07,25-Oct-07,25-Oct-07,HRDT,HIV test,"Standard Diagnostics, Inc.","HIV 1/2, Bioline 3.0 Kit, Lancets, Capillary pipets, Alcohol swabs included, 25 Tests","HIV 1/2, Bioline 3.0 Kit, Lancets, Capillary pipets, Alcohol swabs included",Bioline,,Test kit,25,10000,200000.0,20.0,0.8,"Standard Diagnostics, Korea",Yes,3336,28837.28,320.0
10675,100-PK-T01,Pre-PQ Process,SO-2496,DN-732,Pakistan,PMO - US,From RDC,N/A - From RDC,Air,Pre-PQ Process,N/A - From RDC,19-May-08,19-May-08,19-May-08,HRDT,HIV test,SCMS from RDC,"HIV 1/2, Determine HIV Kit, without Lancets, 100 Tests","HIV 1/2, Determine HIV Kit, without Lancets",Determine,,Test kit,100,20,1439.8,71.99,0.72,Inverness Japan,Yes,Weight Captured Separately,Invoiced Separately,2.3
81971,202-GT-T30,FPQ-6966,SCMS-98620,ASN-10108,Guatemala,PMO - US,Direct Drop,CIP,Air,1/3/2011,2/2/2011,8-Mar-11,8-Mar-11,8-Mar-11,ARV,Adult,ABBOTT LOGISTICS B.V.,"Lopinavir/Ritonavir 200/50mg [Aluvia], tablets, 120 Tabs",Lopinavir/Ritonavir,Aluvia,200/50mg,Tablet,120,2426,203371.58,83.83,0.7,ABBVIE Ludwigshafen Germany,Yes,Weight Captured Separately,Freight Included in Commodity Cost,335.56
85880,151-NG-T30,FPQ-9432,SO-42801,DN-2766,Nigeria,PMO - US,From RDC,N/A - From RDC,Air Charter,3/1/2012,N/A - From RDC,2-Aug-12,24-Jul-12,24-Jul-12,ARV,Adult,SCMS from RDC,"Abacavir 300mg, tablets, 60 Tabs",Abacavir,Generic,300mg,Tablet,60,6100,79056.0,12.96,0.22,Mylan (formerly Matrix) Nashik,Yes,681,16532.5,110.84
86615,101-CD-T30,FPQ-12033,SO-45021,DN-3373,"Congo, DRC",PMO - US,From RDC,N/A - From RDC,Air,4/8/2013,N/A - From RDC,31-Oct-13,27-Jan-14,4-Mar-14,ARV,Adult,SCMS from RDC,"Lamivudine/Tenofovir Disoproxil Fumarate 300/300mg, tablets, 30 Tabs",Lamivudine/Tenofovir Disoproxil Fumarate,Generic,300/300mg,Tablet - FDC,30,510,2397.0,4.7,0.16,"Aurobindo Unit VII, IN",No,See DN-3373 (ID#:82613),See DN-3373 (ID#:82613),2.97
49225,108-VN-T30,FPQ-4720,SCMS-62500,ASN-6686,Vietnam,PMO - US,Direct Drop,EXW,Air,1/4/2009,1/14/2010,20-May-10,20-May-10,20-May-10,ARV,Adult,Aurobindo Pharma Limited,"Stavudine 30mg, capsules, 60 Caps",Stavudine,Generic,30mg,Capsule,60,15624,22654.8,1.45,0.02,"Aurobindo Unit III, India",Yes,1056,2160.52,48.84
82329,104-CI-T30,FPQ-5201,SO-36340,DN-1873,Côte d'Ivoire,PMO - US,From RDC,N/A - From RDC,Air,3/3/2010,N/A - From RDC,12-Jul-10,30-Jun-10,30-Jun-10,ARV,Pediatric,SCMS from RDC,"Abacavir 20mg/ml, oral solution, Bottle, 240 ml",Abacavir,Generic,20mg/ml,Oral solution,240,672,9139.2,13.6,0.06,"Aurobindo Unit III, India",Yes,2979,3365.45,19.7
83765,104-CI-T30,FPQ-12800,SO-46330,DN-3557,Côte d'Ivoire,PMO - US,From RDC,N/A - From RDC,Air,8/9/2013,N/A - From RDC,28-Feb-14,1-Mar-14,3-Apr-14,ARV,Adult,SCMS from RDC,"Tenofovir Disoproxil Fumarate 300mg, tablets, 30 Tabs",Tenofovir Disoproxil Fumarate,Generic,300mg,Tablet,30,4641,18749.64,4.04,0.13,Mylan (formerly Matrix) Nashik,Yes,285,1335.15,23.19
84543,114-UG-T30,FPQ-4495,SO-34950,DN-1750,Uganda,PMO - US,From RDC,N/A - From RDC,Truck,10/28/2009,N/A - From RDC,30-Apr-10,25-Mar-10,25-Mar-10,ARV,Adult,SCMS from RDC,"Efavirenz 600mg, tablets, 30 Tabs",Efavirenz,Generic,600mg,Tablet,30,4200,21546.0,5.13,0.17,Mylan (formerly Matrix) Nashik,Yes,238,2021.53,46.45
13016,102-BI-T30,FPQ-9231,SCMS-141760,ASN-14830,Burundi,PMO - US,Direct Drop,EXW,Air,2/17/2012,4/9/2012,1-Jun-12,1-Jun-12,1-Jun-12,HRDT,HIV test,"CHEMBIO DIAGNOSTIC SYSTEMS, INC.","HIV 1/2, Stat-Pak Dipstick Assay Kit, 30 Tests","HIV 1/2, Stat-Pak Dipstick Assay Kit",Stat-Pak,,Test kit,30,305,7777.5,25.5,0.85,Chembio Diagnostics Sys. Inc.,Yes,34,836.8,10.9
84089,151-NG-T30,FPQ-6800,SO-39080,DN-2208,Nigeria,PMO - US,From RDC,N/A - From RDC,Air Charter,12/7/2010,N/A - From RDC,21-Jun-11,6-Jul-11,6-Jul-11,ARV,Adult,SCMS from RDC,"Nevirapine 200mg, tablets, 60 Tabs",Nevirapine,Generic,200mg,Tablet,60,42371,109317.18,2.58,0.04,"Aurobindo Unit III, India",Yes,5262,13398,180.37
85097,111-MZ-T30,FPQ-4471,SO-35490,DN-1698,Mozambique,PMO - US,From RDC,N/A - From RDC,Truck,9/14/2009,N/A - From RDC,17-May-10,14-Apr-10,14-Apr-10,ARV,Adult,SCMS from RDC,"Lamivudine/Nevirapine/Zidovudine 150/200/300mg, tablets, 60 Tabs",Lamivudine/Nevirapine/Zidovudine,Generic,150/300/200mg,Tablet - FDC,60,30315,340134.3,11.22,0.19,"Aurobindo Unit III, India",Yes,3563,3423.26,666.66
17600,109-TZ-T30,FPQ-13945,SCMS-235370,ASN-26443,Tanzania,PMO - US,Direct Drop,EXW,Air,3/27/2014,5/6/2014,8-Aug-14,8-Aug-14,29-Sep-14,HRDT,HIV test,"Trinity Biotech, Plc","HIV 1/2, Uni-Gold HIV Kit, 20 Tests","HIV 1/2, Uni-Gold HIV Kit",Uni-Gold,,Test kit,20,336,10752.0,32.0,1.6,"Trinity Biotech, Plc",Yes,101,1428.13,11.05
15368,108-VN-T30,FPQ-4265,SCMS-57130,ASN-6266,Vietnam,PMO - US,Direct Drop,EXW,Air,10/20/2009,11/13/2009,19-Mar-10,19-Mar-10,19-Mar-10,ARV,Adult,Aurobindo Pharma Limited,"Lamivudine 150mg, tablets, 60 Tabs",Lamivudine,Generic,150mg,Tablet,60,24480,58752.0,2.4,0.04,"Aurobindo Unit III, India",Yes,3536,20910.43,115.15
6488,123-NG-T01,Pre-PQ Process,SCMS-43910,ASN-4959,Nigeria,PMO - US,Direct Drop,EXW,Air,Pre-PQ Process,4/10/2009,27-Oct-09,27-Oct-09,27-Oct-09,ACT,ACT,MISSIONPHARMA A/S,"Artemether/Lumefantrine 20/120mg [Coartem], scored tablets, Blister 30 x 18 Tabs",Artemether/Lumefantrine,Coartem,20/120mg,Tablet - FDC + blister,540,2000,70420.0,35.21,0.07,"Novartis Pharma Suffern, USA",Yes,10,14515.44,138.02
85504,105-GY-T30,FPQ-13567,SO-47741,DN-3816,Guyana,PMO - US,From RDC,N/A - From RDC,Air,1/16/2014,N/A - From RDC,21-Jul-14,25-Aug-14,8-Sep-14,ARV,Adult,SCMS from RDC,"Emtricitabine/Tenofovir Disoproxil Fumarate 200/300mg, tablets, 30 Tabs",Emtricitabine/Tenofovir Disoproxil Fumarate,Generic,200/300mg,Tablet - FDC,30,2158,12386.92,5.74,0.19,"Aurobindo Unit III, India",Yes,196,3009.33,12.73
40033,114-UG-T30,FPQ-15303,SCMS-264940,ASN-31156,Uganda,PMO - US,Direct Drop,EXW,Air,11/11/2014,11/25/2014,8-Apr-15,8-Apr-15,8-Apr-15,ARV,Pediatric,Aurobindo Pharma Limited,"Lopinavir/Ritonavir 100/25mg, tablets, 60 Tabs",Lopinavir/Ritonavir,Generic,100/25mg,Tablet,60,4250,34170.0,8.04,0.13,"Aurobindo Unit III, India",Yes,424,1488.99,40.22
84279,101-CD-T30,FPQ-12088,SO-45030,DN-3269,"Congo, DRC",PMO - US,From RDC,N/A - From RDC,Air,4/12/2013,N/A - From RDC,28-Aug-13,8-Feb-14,11-Mar-14,ARV,Adult,SCMS from RDC,"Lamivudine/Nevirapine/Zidovudine 150/200/300mg, tablets, 60 Tabs",Lamivudine/Nevirapine/Zidovudine,Generic,150/300/200mg,Tablet - FDC,60,800,6608.0,8.26,0.14,Mylan (formerly Matrix) Nashik,No,See DN-3269 (ID#:83711),See DN-3269 (ID#:83711),8.17
1646,102-GY-T01,Pre-PQ Process,SCMS-18490,ASN-1612,Guyana,PMO - US,Direct Drop,EXW,Air,Pre-PQ Process,2/28/2008,6-May-08,6-May-08,6-May-08,HRDT,HIV test,"Trinity Biotech, Plc","HIV 1/2, Uni-Gold HIV Kit, 20 Tests","HIV 1/2, Uni-Gold HIV Kit",Uni-Gold,,Test kit,20,832,26624.0,32.0,1.6,"Trinity Biotech, Plc",Yes,832,3740.04,42.6
8440,102-BW-T01,Pre-PQ Process,SCMS-22740,ASN-2400,Botswana,PMO - US,Direct Drop,EXW,Air,Pre-PQ Process,4/28/2008,18-Nov-08,18-Nov-08,18-Nov-08,HRDT,HIV test,"Trinity Biotech, Plc","HIV 1/2, Uni-Gold HIV Kit, 20 Tests","HIV 1/2, Uni-Gold HIV Kit",Uni-Gold,,Test kit,20,500,16000.0,32.0,1.6,"Trinity Biotech, Plc",Yes,166,1225.17,25.6
11198,114-UG-T01,Pre-PQ Process,SO-1300,DN-435,Uganda,PMO - US,From RDC,N/A - From RDC,Air,Pre-PQ Process,N/A - From RDC,10-Dec-07,10-Dec-07,10-Dec-07,ARV,Adult,SCMS from RDC,"Lamivudine/Nevirapine/Zidovudine 150/200/300mg, tablets, 60 Tabs",Lamivudine/Nevirapine/Zidovudine,Generic,150/300/200mg,Tablet - FDC,60,3930,80565.0,20.5,0.34,"Aurobindo Unit III, India",No,See DN-435 (ID#:10908),See DN-435 (ID#:10908),128.9
82819,151-NG-T30,FPQ-16541,SO-51800,DN-4344,Nigeria,PMO - US,From RDC,N/A - From RDC,Air,7/7/2015,N/A - From RDC,31-Dec-15,28-Aug-15,2-Sep-15,ARV,Adult,SCMS from RDC,"Zidovudine 300mg, tablets, 60 Tabs",Zidovudine,Generic,300mg,Tablet,60,5721,30492.93,5.33,0.09,"Aurobindo Unit III, India",Yes,Weight Captured Separately,Invoiced Separately,35.89
86772,151-NG-T30,FPQ-14156,SO-48908,DN-4097,Nigeria,PMO - US,From RDC,N/A - From RDC,Air Charter,4/25/2014,N/A - From RDC,30-Jan-15,14-Jan-15,20-Jan-15,ARV,Adult,SCMS from RDC,"Lamivudine/Tenofovir Disoproxil Fumarate 300/300mg, tablets, 30 Tabs",Lamivudine/Tenofovir Disoproxil Fumarate,Generic,300/300mg,Tablet - FDC,30,296996,1369151.56,4.61,0.15,Hetero Unit III Hyderabad IN,No,See DN-4097 (ID#:85009),See DN-4097 (ID#:85009),1407.49
27586,105-SS-T30,FPQ-9807,SCMS-147641,ASN-16730,South Sudan,PMO - US,Direct Drop,EXW,Air,5/18/2012,6/20/2012,30-Nov-12,30-Nov-12,30-Nov-12,HRDT,HIV test - Ancillary,"Orgenics, Ltd","Capillary Tubes, for Determine, EDTA, 50uL,100 Pcs","HIV, Capillary Tubes, for Determine, EDTA, 50uL,100 Pcs",Determine,,Test kit - Ancillary,100,173,1384.0,8.0,0.08,"Alere Medical Co., Ltd.",Yes,201,5124.22,1.94
52093,107-RW-T30,FPQ-4248,SCMS-43860,ASN-8371,Rwanda,PMO - US,Direct Drop,CIP,Air,2/27/2009,4/15/2010,10-Oct-10,10-Oct-10,10-Oct-10,ARV,Adult,MYLAN LABORATORIES LTD (FORMERLY MATRIX LABORATORIES),"Lamivudine/Zidovudine 150/300mg, tablets, 60 Tabs",Lamivudine/Zidovudine,Generic,150/300mg,Tablet - FDC,60,21080,189720.0,9.0,0.15,Mylan (formerly Matrix) Nashik,Yes,1716,17074.8,371.85
73806,116-ZA-T30,FPQ-14942,SCMS-259071,ASN-29597,South Africa,PMO - US,Direct Drop,DDP,Truck,9/11/2014,11/28/2014,28-Nov-14,28-Nov-14,28-Nov-14,ARV,Adult,PHARMACY DIRECT,"Didanosine 250mg, delayed-release capsules, 30 Caps",Didanosine,Generic,250mg,Delayed-release capsules,30,6,66.1,11.02,0.37,"Aurobindo Unit III, India",No,Weight Captured Separately,Freight Included in Commodity Cost,0.07
39850,101-CD-T30,FPQ-11081,SCMS-169010,ASN-17635,"Congo, DRC",PMO - US,Direct Drop,EXW,Air,11/26/2012,12/7/2012,30-Apr-13,30-Apr-13,30-Apr-13,ANTM,Malaria,ACTION MEDEOR E.V.,"Sulfadoxine/Pyrimethamine 500/25mg, tablets, 1000 Tabs",Sulfadoxine/Pyrimethamine,Generic,500/25mg,Tablet - FDC,1000,415,10026.4,24.16,0.02,"Micro Labs, Hosur, India",Yes,329,1731.89,12.4
3010,102-NG-T01,Pre-PQ Process,SCMS-16900,ASN-1411,Nigeria,PMO - US,Direct Drop,EXW,Air,Pre-PQ Process,1/29/2008,12-Mar-08,12-Mar-08,12-Mar-08,HRDT,HIV test,"Orgenics, Ltd","HIV 1/2, Determine HIV Kit, without Lancets, 100 Tests","HIV 1/2, Determine HIV Kit, without Lancets",Determine,,Test kit,100,3199,255888.01,79.99,0.8,Inverness Japan,Yes,550,8213.59,409.42
34772,161-ZA-T30,FPQ-7175,SCMS-103890,ASN-11307,South Africa,PMO - US,Direct Drop,DDP,Ocean,3/10/2011,3/28/2011,2-Sep-11,2-Sep-11,2-Sep-11,ARV,Adult,STRIDES ARCOLAB LIMITED,"Lamivudine 150mg, tablets, 60 Tabs",Lamivudine,Generic,150mg,Tablet,60,515000,1251450.0,2.43,0.04,"Strides, Bangalore, India.",Yes,23273,31656.61,2064.89
21336,116-ZA-T30,FPQ-5535,SCMS-71370,ASN-7373,South Africa,PMO - US,Direct Drop,DDP,Truck,4/19/2010,4/21/2010,31-May-10,31-May-10,31-May-10,ARV,Adult,S. BUYS WHOLESALER,"Efavirenz 600mg, tablets, 30 Tabs",Efavirenz,Generic,600mg,Tablet,30,1500,29714.49,19.81,0.66,"Cipla, Goa, India",No,Weight Captured Separately,Freight Included in Commodity Cost,64.06
31324,106-HT-T30,FPQ-16241,SCMS-288900,ASN-32495,Haiti,PMO - US,Direct Drop,EXW,Ocean,5/5/2015,5/27/2015,10-Aug-15,10-Aug-15,11-Aug-15,ARV,Adult,HETERO LABS LIMITED,"Efavirenz/Lamivudine/Tenofovir Disoproxil Fumarate 600/300/300mg, tablets, 30 Tabs",Efavirenz/Lamivudine/Tenofovir Disoproxil Fumarate,Generic,600/300/300mg,Tablet - FDC,30,109350,1038825.0,9.5,0.32,Hetero Unit III Hyderabad IN,Yes,Weight Captured Separately,Invoiced Separately,1222.7
84120,104-CI-T30,FPQ-8295,SO-40800,DN-2422,Côte d'Ivoire,PMO - US,From RDC,N/A - From RDC,Truck,8/25/2011,N/A - From RDC,23-Dec-11,19-Nov-11,19-Nov-11,ARV,Adult,SCMS from RDC,"Tenofovir Disoproxil Fumarate 300mg, tablets, 30 Tabs",Tenofovir Disoproxil Fumarate,Generic,300mg,Tablet,30,3520,22598.4,6.42,0.21,Mylan (formerly Matrix) Nashik,Yes,197,3296.34,37.29
82457,900-SS-T30,FPQ-8624,SO-41080,DN-2581,South Sudan,PMO - US,From RDC,N/A - From RDC,Air,11/4/2011,N/A - From RDC,21-Mar-12,8-Mar-12,8-Mar-12,ARV,Adult,SCMS from RDC,"Zidovudine 300mg, tablets, 60 Tabs",Zidovudine,Generic,300mg,Tablet,60,6200,43524.0,7.02,0.12,Hetero Unit III Hyderabad IN,Yes,2652,22788.95,61.02
84164,111-MZ-T30,FPQ-8157,SO-40380,DN-2635,Mozambique,PMO - US,From RDC,N/A - From RDC,Truck,8/4/2011,N/A - From RDC,28-Jun-12,28-Jun-12,28-Jun-12,ARV,Pediatric,SCMS from RDC,"Nevirapine 10mg/ml, oral suspension w/syringe, Bottle, 240 ml",Nevirapine,Generic,10mg/ml,Oral suspension,240,26807,52273.65,1.95,0.01,"Aurobindo Unit III, India",Yes,9937,14700,86.25
36350,105-GY-T30,FPQ-6308,SCMS-85581,ASN-8445,Guyana,PMO - US,Direct Drop,EXW,Air,9/13/2010,9/17/2010,24-Nov-10,24-Nov-10,24-Nov-10,ARV,Adult,Aurobindo Pharma Limited,"Lopinavir/Ritonavir 200/50mg, tablets, 120 Tabs",Lopinavir/Ritonavir,Generic,200/50mg,Tablet,120,3796,136656.0,36.0,0.3,"Aurobindo Unit III, India",Yes,1028,12609.89,294.63
36969,108-VN-T30,FPQ-4265,SCMS-56310,ASN-6252,Vietnam,PMO - US,Direct Drop,EXW,Air,10/20/2009,11/3/2009,22-Mar-10,22-Mar-10,22-Mar-10,ARV,Adult,MYLAN LABORATORIES LTD (FORMERLY MATRIX LABORATORIES),"Zidovudine 300mg, tablets, 60 Tabs",Zidovudine,Generic,300mg,Tablet,60,1680,12600.0,7.5,0.12,Mylan (formerly Matrix) Nashik,Yes,389,9674.88,24.7
85519,111-MZ-T30,FPQ-13394,SO-47462,DN-3866,Mozambique,PMO - US,From RDC,N/A - From RDC,Truck,12/9/2013,N/A - From RDC,29-Aug-14,27-Oct-14,7-Nov-14,ARV,Adult,SCMS from RDC,"Lamivudine/Nevirapine/Zidovudine 150/200/300mg, tablets, 60 Tabs",Lamivudine/Nevirapine/Zidovudine,Generic,150/300/200mg,Tablet - FDC,60,33922,275107.42,8.11,0.14,"Cipla, Goa, India",Yes,16611,11223.8,282.81
82368,104-CI-T30,FPQ-6144,SO-37290,DN-2108,Côte d'Ivoire,PMO - US,From RDC,N/A - From RDC,Air,8/3/2010,N/A - From RDC,31-Jan-11,22-Feb-11,22-Feb-11,ARV,Adult,SCMS from RDC,"Abacavir/Lamivudine 600/300mg, scored tablets, 30 Tabs",Abacavir/Lamivudine,Generic,600/300mg,Tablet - FDC,30,2610,58725.0,22.5,0.75,Mylan (formerly Matrix) Nashik,Yes,1195,8758.37,126.61
84263,151-NG-T30,FPQ-11771,SO-44752,DN-3174,Nigeria,PMO - US,From RDC,N/A - From RDC,Air Charter,2/28/2013,N/A - From RDC,21-Aug-13,10-May-13,10-May-13,ARV,Pediatric,SCMS from RDC,"Abacavir/Lamivudine 60/30mg, tablets, 60 Tabs",Abacavir/Lamivudine,Generic,60/30mg,Tablet - FDC,60,763,3509.8,4.6,0.08,"Aurobindo Unit III, India",Yes,56,20666.07,4.34
86117,111-MZ-T30,FPQ-13124,SO-47050,DN-3827,Mozambique,PMO - US,From RDC,N/A - From RDC,Truck,10/21/2013,N/A - From RDC,29-Aug-14,25-Aug-14,28-Aug-14,ARV,Adult,SCMS from RDC,"Lamivudine/Nevirapine/Zidovudine 150/200/300mg, tablets, 60 Tabs",Lamivudine/Nevirapine/Zidovudine,Generic,150/300/200mg,Tablet - FDC,60,42000,340620.0,8.11,0.14,"Strides, Bangalore, India.",No,See DN-3827 (ID#:82705),See DN-3827 (ID#:82705),350.16
82772,107-RW-T30,FPQ-14811,SO-49950,DN-4085,Rwanda,PMO - US,From RDC,N/A - From RDC,Truck,10/15/2014,N/A - From RDC,30-Jan-15,9-Feb-15,20-Feb-15,ARV,Pediatric,SCMS from RDC,"Efavirenz 200mg, scored tablets, 90 Tabs",Efavirenz,Generic,200mg,Tablet,90,868,8072.4,9.3,0.1,"Strides, Bangalore, India.",Yes,173,2124.48,8.3
11119,104-CI-T01,Pre-PQ Process,SO-625,DN-166,Côte d'Ivoire,PMO - US,From RDC,N/A - From RDC,,Pre-PQ Process,N/A - From RDC,21-Jun-07,21-Jun-07,21-Jun-07,ARV,Adult,SCMS from RDC,"Indinavir 400mg [Crixivan], capsules, 180 Caps",Indinavir,Crixivan,400mg,Capsule,180,4402,220100.0,50.0,0.28,MSD Elkton USA,Yes,994,3501,
85314,151-NG-T30,FPQ-9968,SO-42685,DN-2904,Nigeria,PMO - US,From RDC,N/A - From RDC,Air,5/23/2012,N/A - From RDC,7-Nov-12,7-Nov-12,7-Nov-12,ARV,Adult,SCMS from RDC,"Lopinavir/Ritonavir 200/50mg, tablets, 120 Tabs",Lopinavir/Ritonavir,Generic,200/50mg,Tablet,120,51861,1384688.7,26.7,0.22,"Aurobindo Unit III, India",Yes,14647,15459.09,1941.33
86188,114-UG-T30,FPQ-15639,SO-50670,DN-4215,Uganda,PMO - US,From RDC,N/A - From RDC,Truck,12/22/2014,N/A - From RDC,30-Apr-15,22-Apr-15,24-Apr-15,ARV,Adult,SCMS from RDC,"Lamivudine/Nevirapine/Zidovudine 150/200/300mg, tablets, 60 Tabs",Lamivudine/Nevirapine/Zidovudine,Generic,150/300/200mg,Tablet - FDC,60,44102,340467.44,7.72,0.13,"Hetero, Jadcherla, unit 5, IN",Yes,8221,Freight Included in Commodity Cost,400.73
85836,110-ZM-T30,FPQ-9186,SO-41400,DN-2574,Zambia,PMO - US,From RDC,N/A - From RDC,Truck,1/16/2012,N/A - From RDC,8-May-12,16-Mar-12,16-Mar-12,ARV,Adult,SCMS from RDC,"Efavirenz 600mg, tablets, 30 Tabs",Efavirenz,Generic,600mg,Tablet,30,61060,251567.2,4.12,0.14,"Strides, Bangalore, India.",Yes,3718,19949.86,352.7
77552,133-NG-T30,FPQ-12456,SCMS-196561,ASN-22172,Nigeria,PMO - US,Direct Drop,EXW,Air,6/10/2013,7/10/2013,7-Nov-13,7-Nov-13,17-Nov-13,HRDT,HIV test,"Orgenics, Ltd","HIV 1/2, Determine Complete HIV Kit, 100 Tests","HIV 1/2, Determine Complete HIV Kit",Determine,,Test kit,100,3036,270204.0,89.0,0.89,"Alere Medical Co., Ltd.",Yes,1233,20602.3,334.24
74364,116-ZA-T30,FPQ-11828,SCMS-183950,ASN-19166,South Africa,South Africa Field Office,Direct Drop,DDP,Truck,3/18/2013,Date Not Captured,16-Apr-13,16-Apr-13,16-Apr-13,ARV,Pediatric,S. BUYS WHOLESALER,"Efavirenz 50mg, capsule, 30 Caps",Efavirenz,Generic,50mg,Capsule,30,2146,6526.5,3.04,0.1,"Aurobindo Unit III, India",No,Weight Captured Separately,Freight Included in Commodity Cost,8.07
10697,100-ZW-T01,Pre-PQ Process,SO-713,DN-687,Zimbabwe,PMO - US,From RDC,N/A - From RDC,Air,Pre-PQ Process,N/A - From RDC,30-Mar-08,30-Mar-08,30-Mar-08,ARV,Adult,SCMS from RDC,"Lamivudine/Stavudine 150/30mg, tablets, 30 Tabs",Lamivudine/Stavudine,Generic,150/30mg,Tablet - FDC,30,1600,3200.0,2.0,0.07,"Cipla, Goa, India",Yes,4252,15696.7,5.12
84692,101-CD-T30,FPQ-8840,SO-41132,DN-2494,"Congo, DRC",PMO - US,From RDC,N/A - From RDC,Air,11/21/2011,N/A - From RDC,16-Mar-12,14-Feb-12,14-Feb-12,ARV,Adult,SCMS from RDC,"Lamivudine/Nevirapine/Zidovudine 150/200/300mg, tablets, 60 Tabs",Lamivudine/Nevirapine/Zidovudine,Generic,150/300/200mg,Tablet - FDC,60,226,2486.0,11.0,0.18,Mylan (formerly Matrix) Nashik,No,See DN-2494 (ID#:82433),See DN-2494 (ID#:82433),3.49
63782,161-ZA-T30,FPQ-7175,SCMS-103690,ASN-11306,South Africa,PMO - US,Direct Drop,DDP,Ocean,3/10/2011,3/23/2011,2-Nov-11,2-Nov-11,2-Nov-11,ARV,Adult,EMCURE PHARMACEUTICALS LTD,"Efavirenz 600mg, tablets, 30 Tabs",Efavirenz,Generic,600mg,Tablet,30,113020,485986.0,4.3,0.14,"Emcure Plot No.P-2, I.T-B.T. Park, Phase II, MIDC, Hinjwadi, Pune, India",Yes,8826,7609.7,801.88
76087,100-DO-T30,FPQ-6083,SCMS-92940,ASN-9058,Dominican Republic,PMO - US,Direct Drop,EXW,Air,7/16/2010,11/22/2010,18-Dec-10,18-Dec-10,18-Dec-10,ARV,Adult,Aurobindo Pharma Limited,"Didanosine 250mg, delayed-release capsules, 30 Caps",Didanosine,Generic,250mg,Delayed-release capsules,30,1000,13000.0,13.0,0.43,"Aurobindo Unit III, India",Yes,68,1001.12,28.03
11685,151-NG-T01,Pre-PQ Process,SO-27825,DN-1444,Nigeria,PMO - US,From RDC,N/A - From RDC,Air Charter,Date Not Captured,N/A - From RDC,20-Oct-09,20-Oct-09,20-Oct-09,ARV,Adult,SCMS from RDC,"Emtricitabine/Tenofovir Disoproxil Fumarate 200/300mg, tablets, 30 Tabs",Emtricitabine/Tenofovir Disoproxil Fumarate,Generic,200/300mg,Tablet - FDC,30,243,2855.25,11.75,0.39,Mylan (formerly Matrix) Nashik,Yes,22,9341.49,5.6
85574,151-NG-T30,FPQ-14766,SO-51091,DN-4188,Nigeria,PMO - US,From RDC,N/A - From RDC,Air Charter,8/13/2014,N/A - From RDC,30-Apr-15,20-Mar-15,30-Mar-15,ARV,Adult,SCMS from RDC,"Lamivudine/Nevirapine/Zidovudine 150/200/300mg, tablets, 60 Tabs",Lamivudine/Nevirapine/Zidovudine,Generic,150/300/200mg,Tablet - FDC,60,156995,1212001.4,7.72,0.13,"Strides, Bangalore, India.",Yes,32219,50569.84,1245.94
62228,133-NG-T30,FPQ-13741,SCMS-239690,ASN-26760,Nigeria,PMO - US,Direct Drop,EXW,Air,2/13/2014,5/19/2014,9-Jul-14,10-Jul-14,17-Jul-14,HRDT,HIV test,"Orgenics, Ltd","HIV 1/2, Determine Complete HIV Kit, 100 Tests","HIV 1/2, Determine Complete HIV Kit",Determine,,Test kit,100,10364,922396.0,89.0,0.89,"Alere Medical Co., Ltd.",Yes,4212,62466.03,948.22
67864,900-TZ-T30,FPQ-10396,SCMS-157661,ASN-17084,Tanzania,PMO - US,Direct Drop,EXW,Air,7/31/2012,10/4/2012,7-Dec-12,7-Dec-12,7-Dec-12,HRDT,HIV test,"Orgenics, Ltd","HIV 1/2, Determine Complete HIV Kit, 100 Tests","HIV 1/2, Determine Complete HIV Kit",Determine,,Test kit,100,2744,219520.0,80.0,0.8,"Alere Medical Co., Ltd.",Yes,1303,22617.38,307.77
10764,111-MZ-T01,Pre-PQ Process,SO-28550,DN-1215,Mozambique,PMO - US,From RDC,N/A - From RDC,Air,Pre-PQ Process,N/A - From RDC,28-Jun-09,28-Jun-09,28-Jun-09,ARV,Adult,SCMS from RDC,"Lamivudine/Nevirapine/Stavudine 150/200/30mg, tablets, 60 Tabs",Lamivudine/Nevirapine/Stavudine,Generic,150/200/30mg,Tablet - FDC,60,47392,341222.4,7.2,0.12,"Cipla, Goa, India",Yes,7113,3599.76,668.8
4021,108-VN-T01,Pre-PQ Process,SCMS-762,ASN-634,Vietnam,PMO - US,Direct Drop,FCA,Air,Pre-PQ Process,7/4/2007,10-Sep-07,10-Sep-07,10-Sep-07,ARV,Adult,ABBVIE LOGISTICS (FORMERLY ABBOTT LOGISTICS BV),"Lopinavir/Ritonavir 200/50mg [Aluvia], tablets, 120 Tabs",Lopinavir/Ritonavir,Aluvia,200/50mg,Tablet,120,1000,82190.0,82.19,0.68,ABBVIE Ludwigshafen Germany,Yes,226,2923.46,131.5
85391,101-CD-T30,FPQ-12088,SO-45030,DN-3269,"Congo, DRC",PMO - US,From RDC,N/A - From RDC,Air,4/12/2013,N/A - From RDC,28-Aug-13,8-Feb-14,11-Mar-14,ARV,Pediatric,SCMS from RDC,"Lamivudine/Nevirapine/Zidovudine 30/50/60mg, dispersible tablets, 60 Tabs",Lamivudine/Nevirapine/Zidovudine,Generic,30/50/60mg,Chewable/dispersible tablet - FDC,60,5076,21065.4,4.15,0.07,Mylan (formerly Matrix) Nashik,No,See DN-3269 (ID#:83711),See DN-3269 (ID#:83711),26.06
16794,107-RW-T30,FPQ-13651,SCMS-227720,ASN-25267,Rwanda,PMO - US,Direct Drop,EXW,Air,2/5/2014,2/28/2014,6-May-14,6-May-14,15-May-14,ARV,Pediatric,Aurobindo Pharma Limited,"Nevirapine 10mg/ml, oral suspension w/syringe, Bottle, 240 ml",Nevirapine,Generic,10mg/ml,Oral suspension,240,9690,14631.9,1.51,0.01,"Aurobindo Unit III, India",Yes,3790,66260.33,15.04
35983,108-VN-T30,FPQ-5317,SCMS-69710,ASN-7510,Vietnam,PMO - US,Direct Drop,EXW,Air,3/22/2010,3/29/2010,9-Aug-10,9-Aug-10,9-Aug-10,ARV,Adult,MYLAN LABORATORIES LTD (FORMERLY MATRIX LABORATORIES),"Tenofovir Disoproxil Fumarate 300mg, tablets, 30 Tabs",Tenofovir Disoproxil Fumarate,Generic,300mg,Tablet,30,3686,25802.0,7.0,0.23,Mylan (formerly Matrix) Nashik,Yes,255,6518.69,55.63
61998,117-ET-T30,FPQ-9098,SCMS-133560,ASN-16135,Ethiopia,PMO - US,Direct Drop,EXW,Air,1/10/2012,1/23/2012,5-Sep-12,5-Sep-12,5-Sep-12,HRDT,HIV test,"CHEMBIO DIAGNOSTIC SYSTEMS, INC.","HIV 1/2, Stat-Pak HIV, Kit, 20 Tests","HIV 1/2, Stat-Pak HIV, Kit",Stat-Pak,,Test kit,20,340,9860.0,29.0,1.45,Chembio Diagnostics Sys. Inc.,Yes,128,810.96,13.82
84800,114-UG-T30,FPQ-11143,SO-43941,DN-3069,Uganda,PMO - US,From RDC,N/A - From RDC,Air,12/13/2012,N/A - From RDC,25-Apr-13,25-Apr-13,25-Apr-13,ARV,Adult,SCMS from RDC,"Nevirapine 200mg, tablets, 60 Tabs",Nevirapine,Generic,200mg,Tablet,60,1276,2883.76,2.26,0.04,Hetero Unit III Hyderabad IN,No,See DN-3069 (ID#:83124),See DN-3069 (ID#:83124),3.57
12886,112-NG-T01,Pre-PQ Process,SO-21050,DN-1244,Nigeria,PMO - US,From RDC,N/A - From RDC,Air Charter,Pre-PQ Process,N/A - From RDC,16-Jun-09,16-Jun-09,16-Jun-09,ARV,Pediatric,SCMS from RDC,"Lamivudine 10mg/ml, oral solution, Bottle, 240 ml",Lamivudine,Generic,10mg/ml,Oral solution,240,806,1531.4,1.9,0.01,"Aurobindo Unit III, India",No,See DN-1244 (ID#:11048),See DN-1244 (ID#:11048),3.0
85856,114-UG-T30,FPQ-9321,SO-41510,DN-2643,Uganda,PMO - US,From RDC,N/A - From RDC,Truck,2/10/2012,N/A - From RDC,3-Jul-12,18-May-12,18-May-12,ARV,Adult,SCMS from RDC,"Lamivudine/Nevirapine/Zidovudine 150/200/300mg, tablets, 60 Tabs",Lamivudine/Nevirapine/Zidovudine,Generic,150/300/200mg,Tablet - FDC,60,3275,33699.75,10.29,0.17,"Strides, Bangalore, India.",No,See DN-2643 (ID#:82471),See DN-2643 (ID#:82471),47.25
40152,116-ZA-T30,FPQ-14942,SCMS-259071,ASN-29597,South Africa,PMO - US,Direct Drop,DDP,Truck,9/11/2014,11/28/2014,28-Nov-14,28-Nov-14,28-Nov-14,ARV,Pediatric,PHARMACY DIRECT,"Abacavir 20mg/ml, oral solution, Bottle, 240 ml",Abacavir,Generic,20mg/ml,Oral solution,240,8,141.69,17.71,0.07,"Aurobindo Unit III, India",No,Weight Captured Separately,Freight Included in Commodity Cost,0.15
2740,102-NG-T01,Pre-PQ Process,SCMS-687,ASN-544,Nigeria,PMO - US,Direct Drop,EXW,Air,Pre-PQ Process,6/8/2007,10-Jul-07,10-Jul-07,10-Jul-07,HRDT,HIV test,"CHEMBIO DIAGNOSTIC SYSTEMS, INC.","HIV 1/2, Stat-Pak HIV, Kit, 20 Tests","HIV 1/2, Stat-Pak HIV, Kit",Stat-Pak,,Test kit,20,10000,270000.0,27.0,1.35,Chembio Diagnostics Sys. Inc.,Yes,3045,28118.58,432.0
83159,901-CM-T30,FPQ-12832,SO-46200,DN-3315,Cameroon,PMO - US,From RDC,N/A - From RDC,Air,8/19/2013,N/A - From RDC,2-Oct-13,2-Oct-13,11-Oct-13,ARV,Adult,SCMS from RDC,"Lamivudine/Zidovudine 150/300mg, tablets, 60 Tabs",Lamivudine/Zidovudine,Generic,150/300mg,Tablet - FDC,60,16837,117859.0,7.0,0.12,Mylan (formerly Matrix) Nashik,Yes,1353,13924.23,145.79
44615,108-VN-T30,FPQ-16194,SCMS-285500,ASN-33266,Vietnam,PMO - US,Direct Drop,EXW,Air,4/14/2015,5/13/2015,3-Sep-15,3-Sep-15,3-Sep-15,ARV,Adult,HETERO LABS LIMITED,"Lamivudine 150mg, tablets, 60 Tabs",Lamivudine,Generic,150mg,Tablet,60,5700,10260.0,1.8,0.03,Hetero Unit III Hyderabad IN,Yes,Weight Captured Separately,Invoiced Separately,12.08
62586,114-UG-T30,FPQ-10489,SCMS-159280,ASN-16778,Uganda,PMO - US,Direct Drop,DAP,Air,8/24/2012,9/6/2012,25-Oct-12,25-Oct-12,25-Oct-12,ARV,Adult,ASPEN PHARMACARE,"Etravirine 100mg [Intelence], tablets, 120 Tabs",Etravirine,Intelence,100mg,Tablet,120,111,3996.0,36.0,0.3,"Janssen-Cilag, Latina, IT",Yes,24,330,5.6
58556,161-ZA-T30,FPQ-6262,SCMS-83730,ASN-9938,South Africa,PMO - US,Direct Drop,DDP,Ocean,8/31/2010,9/24/2010,26-Apr-11,26-Apr-11,26-Apr-11,ARV,Adult,Aurobindo Pharma Limited,"Efavirenz 600mg, tablets, 30 Tabs",Efavirenz,Generic,600mg,Tablet,30,70942,321367.26,4.53,0.15,"Aurobindo Unit III, India",Yes,6090,11203.81,692.87
20450,101-CD-T30,FPQ-12093,SCMS-189070,ASN-20218,"Congo, DRC",PMO - US,Direct Drop,EXW,Air,4/23/2013,5/17/2013,28-Nov-13,28-Nov-13,3-Dec-13,ARV,Pediatric,Aurobindo Pharma Limited,"Didanosine 125mg, delayed-release capsules, 30 Caps",Didanosine,Generic,125mg,Delayed-release capsules,30,171,1453.5,8.5,0.28,"Aurobindo Unit III, India",Yes,81,2782.94,1.8
17697,108-VN-T30,FPQ-6384,SCMS-87770,ASN-9407,Vietnam,PMO - US,Direct Drop,EXW,Air,9/30/2010,10/18/2010,9-Feb-11,9-Feb-11,9-Feb-11,ARV,Adult,HETERO LABS LIMITED,"Lamivudine/Nevirapine/Stavudine 150/200/30mg, tablets, 60 Tabs",Lamivudine/Nevirapine/Stavudine,Generic,150/200/30mg,Tablet - FDC,60,19760,94848.0,4.8,0.08,Hetero Unit III Hyderabad IN,Yes,3998,12974.12,204.49
46848,108-VN-T30,FPQ-10286,SCMS-156250,ASN-17673,Vietnam,PMO - US,Direct Drop,EXW,Air,7/25/2012,8/15/2012,4-Feb-13,4-Feb-13,4-Feb-13,ARV,Pediatric,MICRO LABS LIMITED,"Efavirenz 200mg, capsule, 90 Caps",Efavirenz,Generic,200mg,Capsule,90,298,1317.16,4.42,0.05,"Micro labs, Verna, Goa, India",No,See ASN-17673 (ID#:36978),See ASN-17673 (ID#:36978),1.85
66257,116-ZA-T30,FPQ-13035,SCMS-215370,ASN-24415,South Africa,PMO - US,Direct Drop,DDP,Truck,10/8/2013,12/2/2013,6-Feb-14,6-Feb-14,6-Feb-14,ARV,Pediatric,S. BUYS WHOLESALER,"Abacavir 20mg/ml [Ziagen], oral solution, Bottle, 240 ml",Abacavir,Ziagen,20mg/ml,Oral solution,240,8,192.37,24.05,0.1,GSK Mississauga (Canada),No,Weight Captured Separately,Freight Included in Commodity Cost,0.24
82932,151-NG-T30,FPQ-6243,SO-38320,DN-2090,Nigeria,PMO - US,From RDC,N/A - From RDC,Air Charter,8/25/2010,N/A - From RDC,22-Feb-11,16-Feb-11,16-Feb-11,ARV,Pediatric,SCMS from RDC,"Efavirenz 200mg, capsule, 90 Caps",Efavirenz,Generic,200mg,Capsule,90,1050,10174.5,9.69,0.11,"Aurobindo Unit III, India",No,See DN-2090 (ID#:82366),See DN-2090 (ID#:82366),21.94
82498,104-CI-T30,FPQ-8790,SO-41190,DN-2776,Côte d'Ivoire,PMO - US,From RDC,N/A - From RDC,Air,11/11/2011,N/A - From RDC,20-Aug-12,18-Aug-12,18-Aug-12,ARV,Adult,SCMS from RDC,"Efavirenz/Emtricitabine/Tenofovir Disoproxil Fumarate 600/200/300mg, tablets, 30 Tabs",Efavirenz/Emtricitabine/Tenofovir Disoproxil Fumarate,Generic,600/200/300mg,Tablet - FDC,30,14880,223795.2,15.04,0.5,Mylan (formerly Matrix) Nashik,Yes,1674,4754.53,313.76
26591,161-ZA-T30,FPQ-5303,SCMS-68860,ASN-6932,South Africa,PMO - US,Direct Drop,DDP,Air,3/18/2010,3/19/2010,1-Jun-10,4-Jun-10,4-Jun-10,ARV,Adult,Aurobindo Pharma Limited,"Efavirenz 600mg, tablets, 30 Tabs",Efavirenz,Generic,600mg,Tablet,30,53954,251965.18,4.67,0.16,"Aurobindo Unit III, India",Yes,4564,6105.79,543.24
27430,116-ZA-T30,FPQ-14942,SCMS-259075,ASN-32138,South Africa,PMO - US,Direct Drop,DDP,Truck,9/11/2014,5/11/2015,12-May-15,12-May-15,12-May-15,ARV,Adult,PHARMACY DIRECT,"Didanosine 250mg, delayed-release capsules, 30 Caps",Didanosine,Generic,250mg,Delayed-release capsules,30,3,33.05,11.02,0.37,"Aurobindo Unit III, India",No,Weight Captured Separately,Freight Included in Commodity Cost,0.03
53002,107-RW-T30,FPQ-9910,SCMS-147040,ASN-15275,Rwanda,PMO - US,Direct Drop,EXW,Air,5/16/2012,6/1/2012,29-Jun-12,29-Jun-12,29-Jun-12,ARV,Adult,Aurobindo Pharma Limited,"Didanosine 400mg, delayed-release capsules, 30 Caps",Didanosine,Generic,400mg,Delayed-release capsules,30,1467,29340.0,20.0,0.67,"Aurobindo Unit III, India",Yes,114,4822.01,41.13
85678,104-CI-T30,FPQ-5201,SO-36350,DN-1878,Côte d'Ivoire,PMO - US,From RDC,N/A - From RDC,Air,3/3/2010,N/A - From RDC,9-Jul-10,5-Jul-10,5-Jul-10,ARV,Pediatric,SCMS from RDC,"Abacavir 20mg/ml, oral solution, Bottle, 240 ml",Abacavir,Generic,20mg/ml,Oral solution,240,448,6092.8,13.6,0.06,"Aurobindo Unit III, India",No,See DN-1878 (ID#:84572),See DN-1878 (ID#:84572),13.14
85917,151-NG-T30,FPQ-9968,SO-43431,DN-2923,Nigeria,PMO - US,From RDC,N/A - From RDC,Air,5/23/2012,N/A - From RDC,15-Nov-12,6-Nov-12,6-Nov-12,ARV,Adult,SCMS from RDC,"Efavirenz/Lamivudine/Tenofovir Disoproxil Fumarate 600/300/300mg, tablets, 30 Tabs",Efavirenz/Lamivudine/Tenofovir Disoproxil Fumarate,Generic,600/300/300mg,Tablet - FDC,30,56404,748481.08,13.27,0.44,Mylan (formerly Matrix) Nashik,Yes,6886,15459.09,1049.37
11147,104-CI-T01,Pre-PQ Process,SO-529,DN-250,Côte d'Ivoire,PMO - US,From RDC,N/A - From RDC,,Pre-PQ Process,N/A - From RDC,27-Jul-07,27-Jul-07,27-Jul-07,HRDT,HIV test,SCMS from RDC,"HIV 2, New LAV Blot 2 HIV Kit, 18 Tests","HIV 2, New LAV Blot 2 HIV Kit",LAV,,Test kit,18,12,3698.04,308.17,17.12,Bio-Rad Laboratories,Yes,46,1607,5.92
85447,105-GH-T30,FPQ-13609,SO-47940,DN-3576,Ghana,PMO - US,From RDC,N/A - From RDC,Truck,2/19/2014,N/A - From RDC,20-Mar-14,14-Mar-14,25-Apr-14,ARV,Adult,SCMS from RDC,"Efavirenz/Lamivudine/Tenofovir Disoproxil Fumarate 600/300/300mg, tablets, 30 Tabs",Efavirenz/Lamivudine/Tenofovir Disoproxil Fumarate,Generic,600/300/300mg,Tablet - FDC,30,47158,512607.46,10.87,0.36,Mylan (formerly Matrix) Nashik,No,See DN-3576 (ID#:83216),See DN-3576 (ID#:83216),526.96
82870,151-NG-T30,FPQ-4537,SO-35121,DN-1742,Nigeria,PMO - US,From RDC,N/A - From RDC,Air Charter,11/6/2009,N/A - From RDC,31-Mar-10,31-Mar-10,31-Mar-10,ARV,Adult,SCMS from RDC,"Lamivudine/Stavudine 150/30mg, tablets, 60 Tabs",Lamivudine/Stavudine,Generic,150/30mg,Tablet - FDC,60,466,1584.4,3.4,0.06,"Strides, Bangalore, India.",Yes,24,Freight Included in Commodity Cost,3.42
84969,110-ZM-T30,FPQ-13221,SO-47205,DN-3869,Zambia,PMO - US,From RDC,N/A - From RDC,Truck,10/31/2013,N/A - From RDC,29-Aug-14,2-Sep-14,17-Oct-14,ARV,Adult,SCMS from RDC,"Lopinavir/Ritonavir 200/50mg, tablets, 120 Tabs",Lopinavir/Ritonavir,Generic,200/50mg,Tablet,120,32905,648557.55,19.71,0.16,Mylan (formerly Matrix) Nashik,Yes,5111,10944.73,666.72
85147,110-ZM-T30,FPQ-5702,SO-37370,DN-2009,Zambia,PMO - US,From RDC,N/A - From RDC,Air,5/20/2010,N/A - From RDC,27-Sep-10,8-Sep-10,8-Sep-10,ARV,Adult,SCMS from RDC,"Lamivudine 150mg, tablets, 60 Tabs",Lamivudine,Generic,150mg,Tablet,60,6580,15331.4,2.33,0.04,Hetero Unit III Hyderabad IN,Yes,579,4658.75,33.05
84995,109-TZ-T30,FPQ-13566,SO-47656,DN-4006,Tanzania,PMO - US,From RDC,N/A - From RDC,Truck,1/15/2014,N/A - From RDC,30-Jan-15,23-Jan-15,28-Jan-15,ARV,Adult,SCMS from RDC,"Efavirenz/Emtricitabine/Tenofovir Disoproxil Fumarate 600/200/300mg, tablets, 30 Tabs",Efavirenz/Emtricitabine/Tenofovir Disoproxil Fumarate,Generic,600/200/300mg,Tablet - FDC,30,12783,151989.87,11.89,0.4,Mylan (formerly Matrix) Nashik,Yes,1371,7585.82,156.25
52398,114-UG-T30,FPQ-12477,SCMS-198700,ASN-21821,Uganda,PMO - US,Direct Drop,EXW,Ocean,7/8/2013,7/30/2013,8-Nov-13,8-Nov-13,13-Nov-13,ARV,Adult,STRIDES ARCOLAB LIMITED,"Efavirenz 600mg, tablets, 30 Tabs",Efavirenz,Generic,600mg,Tablet,30,71348,227600.12,3.19,0.11,"Strides, Bangalore, India.",Yes,4334,8144.11,281.54
3039,111-MZ-T01,Pre-PQ Process,SCMS-18060,ASN-1651,Mozambique,PMO - US,Direct Drop,EXW,Air,Pre-PQ Process,2/25/2008,13-Jun-08,13-Jun-08,13-Jun-08,HRDT,HIV test - Ancillary,"Orgenics, Ltd","HIV, Lancet, Safety, for HIV Test kits, 100 Pcs","HIV, Lancet, Safety, for HIV Test kits, 100 Pcs",Generic,,Test kit - Ancillary,100,4200,42.0,0.01,0.0,Inverness Japan,Yes,Weight Captured Separately,Invoiced Separately,0.07
86795,102-BI-T30,FPQ-15406,SO-50290,DN-4210,Burundi,PMO - US,From RDC,N/A - From RDC,Air,11/19/2014,N/A - From RDC,30-Jun-15,22-Apr-15,23-Apr-15,ARV,Adult,SCMS from RDC,"Lamivudine/Nevirapine/Zidovudine 150/200/300mg, tablets, 60 Tabs",Lamivudine/Nevirapine/Zidovudine,Generic,150/300/200mg,Tablet - FDC,60,1056,8152.32,7.72,0.13,Mylan (formerly Matrix) Nashik,No,See DN-4210 (ID#:83906),See DN-4210 (ID#:83906),9.6
83766,111-MZ-T30,FPQ-13123,SO-47081,DN-3558,Mozambique,PMO - US,From RDC,N/A - From RDC,Truck,10/21/2013,N/A - From RDC,15-Apr-14,28-Mar-14,4-Apr-14,ARV,Adult,SCMS from RDC,"Lamivudine/Nevirapine/Zidovudine 150/200/300mg, tablets, 60 Tabs",Lamivudine/Nevirapine/Zidovudine,Generic,150/300/200mg,Tablet - FDC,60,41076,339287.76,8.26,0.14,"Strides, Bangalore, India.",Yes,5170,8406.81,348.79
84847,109-TZ-T30,FPQ-12015,SO-44983,DN-3295,Tanzania,PMO - US,From RDC,N/A - From RDC,Truck,4/2/2013,N/A - From RDC,15-Oct-13,10-Sep-13,10-Sep-13,ARV,Adult,SCMS from RDC,"Abacavir 300mg, tablets, 60 Tabs",Abacavir,Generic,300mg,Tablet,60,3342,38299.32,11.46,0.19,"Aurobindo Unit III, India",No,See DN-3295 (ID#:83155),See DN-3295 (ID#:83155),47.38
68482,106-HT-T30,FPQ-9621,SCMS-147130,ASN-15788,Haiti,PMO - US,Direct Drop,FCA,Air,4/20/2012,6/13/2012,20-Aug-12,20-Aug-12,20-Aug-12,ARV,Pediatric,ABBVIE LOGISTICS (FORMERLY ABBOTT LOGISTICS BV),"Lopinavir/Ritonavir 80/20mg/ml [Kaletra], oral solution, cool, Bottle 5 x 60 ml",Lopinavir/Ritonavir,Kaletra,80/20mg/ml,Oral solution,300,40,1232.8,30.82,0.1,ABBVIE (Abbott) Logis. UK,Yes,Weight Captured Separately,Invoiced Separately,1.73
43600,108-VN-T30,FPQ-13034,SCMS-210150,ASN-24398,Vietnam,PMO - US,Direct Drop,EXW,Air,10/4/2013,10/10/2013,23-Apr-14,23-Apr-14,23-Apr-14,ARV,Adult,HETERO LABS LIMITED,"Tenofovir Disoproxil Fumarate 300mg, tablets, 30 Tabs",Tenofovir Disoproxil Fumarate,Generic,300mg,Tablet,30,12317,43725.35,3.55,0.12,Hetero Unit III Hyderabad IN,No,See ASN-24398 (ID#:18664),See ASN-24398 (ID#:18664),54.09
19406,108-VN-T30,FPQ-10811,SCMS-164680,ASN-18664,Vietnam,PMO - US,Direct Drop,EXW,Air,10/15/2012,11/7/2012,2-Apr-13,2-Apr-13,2-Apr-13,ARV,Adult,HETERO LABS LIMITED,"Zidovudine 300mg, tablets, 60 Tabs",Zidovudine,Generic,300mg,Tablet,60,1082,6221.5,5.75,0.1,Hetero Unit III Hyderabad IN,Yes,2228,3565.08,7.7
5324,102-GY-T01,Pre-PQ Process,SCMS-526,ASN-343,Guyana,PMO - US,Direct Drop,EXW,Air,Pre-PQ Process,4/2/2007,30-Apr-07,30-Apr-07,30-Apr-07,HRDT,HIV test,"Trinity Biotech, Plc","HIV 1/2, Uni-Gold HIV Kit, 20 Tests","HIV 1/2, Uni-Gold HIV Kit",Uni-Gold,,Test kit,20,1000,32000.0,32.0,1.6,"Trinity Biotech, Plc",Yes,337,5240.47,
3192,116-ZA-T01,Pre-PQ Process,SCMS-23500,ASN-2293,South Africa,PMO - US,Direct Drop,DDP,Truck,Pre-PQ Process,Date Not Captured,20-Aug-08,8-May-08,8-May-08,ARV,Adult,S. BUYS WHOLESALER,"Nevirapine 200mg, tablets, 60 Tabs",Nevirapine,Generic,200mg,Tablet,60,150,3166.5,21.11,0.35,"Cipla, Goa, India",No,Weight Captured Separately,Freight Included in Commodity Cost,5.07
10676,131-NG-T01,Pre-PQ Process,SO-2577,DN-738,Nigeria,PMO - US,From RDC,N/A - From RDC,Air,Pre-PQ Process,N/A - From RDC,20-May-08,20-May-08,20-May-08,ARV,Adult,SCMS from RDC,"Lamivudine/Nevirapine/Zidovudine 150/200/300mg, tablets, 60 Tabs",Lamivudine/Nevirapine/Zidovudine,Generic,150/300/200mg,Tablet - FDC,60,3226,42841.28,13.28,0.22,"Aurobindo Unit III, India",Yes,359,2750.89,68.55
67195,105-GY-T30,FPQ-14048,SCMS-235750,ASN-26388,Guyana,PMO - US,Direct Drop,FCA,Air,4/9/2014,4/28/2014,11-Aug-14,11-Aug-14,12-Aug-14,ARV,Pediatric,ABBVIE LOGISTICS (FORMERLY ABBOTT LOGISTICS BV),"Lopinavir/Ritonavir 80/20mg/ml [Kaletra], oral solution, cool, Bottle 5 x 60 ml",Lopinavir/Ritonavir,Kaletra,80/20mg/ml,Oral solution,300,17,1033.94,60.82,0.2,ABBVIE (Abbott) Logis. UK,Yes,50,828.23,1.06
85078,112-NG-T30,FPQ-4040,SO-32982,DN-1571,Nigeria,PMO - US,From RDC,N/A - From RDC,Air Charter,7/29/2009,N/A - From RDC,18-Dec-09,18-Dec-09,18-Dec-09,ARV,Adult,SCMS from RDC,"Efavirenz 600mg, tablets, 30 Tabs",Efavirenz,Generic,600mg,Tablet,30,168,971.04,5.78,0.19,"Aurobindo Unit III, India",Yes,15,11637.64,1.9
18980,109-TZ-T30,FPQ-13945,SCMS-235440,ASN-30243,Tanzania,PMO - US,Direct Drop,EXW,Air,3/27/2014,4/29/2014,28-Apr-15,28-Apr-15,28-Apr-15,HRDT,HIV test,"Orgenics, Ltd","HIV 1/2, Determine Complete HIV Kit, 100 Tests","HIV 1/2, Determine Complete HIV Kit",Determine,,Test kit,100,336,26880.0,80.0,0.8,"Alere Medical Co., Ltd.",Yes,139,2234.96,27.63
2603,110-ZM-T01,Pre-PQ Process,SCMS-42641,ASN-5221,Zambia,PMO - US,Direct Drop,EXW,Air,Pre-PQ Process,6/6/2009,11-Nov-09,29-Oct-09,29-Oct-09,HRDT,HIV test,"Orgenics, Ltd","HIV 1/2, Determine Complete HIV Kit, 100 Tests","HIV 1/2, Determine Complete HIV Kit",Determine,,Test kit,100,2000,144000.0,72.0,0.72,Inverness Japan,Yes,590,5962.58,310.46
1065,116-ZA-T01,Pre-PQ Process,SCMS-41040,ASN-3623,South Africa,PMO - US,Direct Drop,DDP,Air,Pre-PQ Process,Date Not Captured,7-Apr-09,3-Dec-08,3-Dec-08,ARV,Adult,S. BUYS WHOLESALER,"Efavirenz 600mg, tablets, 30 Tabs",Efavirenz,Generic,600mg,Tablet,30,3500,49840.0,14.24,0.47,"Cipla, Goa, India",Yes,Weight Captured Separately,Freight Included in Commodity Cost,97.69
43905,133-NG-T30,FPQ-12812,SCMS-210331,ASN-24418,Nigeria,PMO - US,Direct Drop,EXW,Air,8/13/2013,10/18/2013,19-Mar-14,19-Mar-14,19-Mar-14,HRDT,HIV test,"Trinity Biotech, Plc","HIV 1/2, Uni-Gold HIV Kit, 20 Tests","HIV 1/2, Uni-Gold HIV Kit",Uni-Gold,,Test kit,20,24250,776000.0,32.0,1.6,"Trinity Biotech, Plc",Yes,7080,70509.14,959.91
86482,113-ZW-T30,FPQ-8464,SO-40883,DN-2693,Zimbabwe,PMO - US,From RDC,N/A - From RDC,Truck,10/4/2011,N/A - From RDC,14-Aug-12,27-Jun-12,27-Jun-12,ARV,Adult,SCMS from RDC,"Nevirapine 200mg, tablets, 60 Tabs",Nevirapine,Generic,200mg,Tablet,60,20000,48800.0,2.44,0.04,"Aurobindo Unit III, India",No,See DN-2693 (ID#:82481),See DN-2693 (ID#:82481),80.52
17207,107-RW-T30,FPQ-3859,SCMS-49090,ASN-7249,Rwanda,PMO - US,Direct Drop,CIP,Air,6/30/2009,7/16/2009,1-Jul-10,1-Jul-10,1-Jul-10,ARV,Adult,HETERO LABS LIMITED,"Nevirapine 200mg, tablets, 60 Tabs",Nevirapine,Generic,200mg,Tablet,60,66825,206489.25,3.09,0.05,Hetero Unit III Hyderabad IN,Yes,3845,20194.78,404.72
85192,100-BZ-T30,FPQ-7883,SO-40050,DN-2267,Belize,PMO - US,From RDC,N/A - From RDC,Air,6/17/2011,N/A - From RDC,15-Jul-11,1-Jul-11,1-Jul-11,ARV,Pediatric,SCMS from RDC,"Zidovudine 10mg/ml, oral solution w/syringe, Bottle, 240 ml",Zidovudine,Generic,10mg/ml,Oral solution,240,300,630.0,2.1,0.01,"Aurobindo Unit III, India",Yes,Weight Captured Separately,1959.61,1.04
74135,161-ZA-T30,FPQ-7175,SCMS-104020,ASN-12033,South Africa,PMO - US,Direct Drop,DDP,Ocean,3/10/2011,3/28/2011,14-Jul-11,18-Nov-11,18-Nov-11,ARV,Adult,CIPLA LIMITED,"Tenofovir Disoproxil Fumarate 300mg, tablets, 30 Tabs",Tenofovir Disoproxil Fumarate,Generic,300mg,Tablet,30,51382,332441.54,6.47,0.22,"Cipla, Goa, India",Yes,Weight Captured Separately,Freight Included in Commodity Cost,548.53
85507,110-ZM-T30,FPQ-13692,SO-48000,DN-3819,Zambia,PMO - US,From RDC,N/A - From RDC,Truck,2/6/2014,N/A - From RDC,31-Jul-14,23-Jul-14,28-Aug-14,ARV,Adult,SCMS from RDC,"Efavirenz/Lamivudine/Tenofovir Disoproxil Fumarate 600/300/300mg, tablets, 30 Tabs",Efavirenz/Lamivudine/Tenofovir Disoproxil Fumarate,Generic,600/300/300mg,Tablet - FDC,30,106280,1145698.4,10.78,0.36,"Aurobindo Unit VII, IN",No,See DN-3819 (ID#:85506),See DN-3819 (ID#:85506),1177.78
4312,102-GY-T01,Pre-PQ Process,SCMS-18510,ASN-2006,Guyana,PMO - US,Direct Drop,EXW,Air,Pre-PQ Process,2/28/2008,21-Jul-08,21-Jul-08,21-Jul-08,HRDT,HIV test,"Trinity Biotech, Plc","HIV 1/2, Uni-Gold HIV Kit, 20 Tests","HIV 1/2, Uni-Gold HIV Kit",Uni-Gold,,Test kit,20,1062,33984.0,32.0,1.6,"Trinity Biotech, Plc",Yes,362,4717.51,54.37
83677,114-UG-T30,FPQ-10946,SO-43650,DN-3121,Uganda,PMO - US,From RDC,N/A - From RDC,Air,11/1/2012,N/A - From RDC,9-Aug-13,9-Aug-13,9-Aug-13,ARV,Adult,SCMS from RDC,"Lamivudine/Tenofovir Disoproxil Fumarate 300/300mg, tablets, 30 Tabs",Lamivudine/Tenofovir Disoproxil Fumarate,Generic,300/300mg,Tablet - FDC,30,30685,144219.5,4.7,0.16,Hetero Unit III Hyderabad IN,Yes,5426,6506.75,178.4
70619,108-VN-T30,FPQ-10267,SCMS-153090,ASN-16362,Vietnam,PMO - US,Direct Drop,EXW,Air,7/10/2012,7/12/2012,9-Oct-12,9-Oct-12,9-Oct-12,ARV,Adult,HETERO LABS LIMITED,"Lamivudine 150mg, tablets, 60 Tabs",Lamivudine,Generic,150mg,Tablet,60,27634,58031.4,2.1,0.04,Hetero Unit III Hyderabad IN,Yes,1616,3147.88,81.36
12723,110-ZM-T01,Pre-PQ Process,SO-535,DN-380,Zambia,PMO - US,From RDC,N/A - From RDC,,Pre-PQ Process,N/A - From RDC,17-Oct-07,17-Oct-07,17-Oct-07,HRDT,HIV test - Ancillary,SCMS from RDC,"HIV, Lancet, Safety, for HIV Test kits, 100 Pcs","HIV, Lancet, Safety, for HIV Test kits, 100 Pcs",Generic,,Test kit - Ancillary,100,872,8.72,0.01,0.0,Inverness Japan,No,See DN-380 (ID#:10622),See DN-380 (ID#:10622),0.01
64004,106-HT-T30,FPQ-6194,SCMS-85981,ASN-8878,Haiti,PMO - US,Direct Drop,EXW,Air,8/7/2010,9/24/2010,7-Dec-10,7-Dec-10,7-Dec-10,HRDT,HIV test,"SHANGHAI KEHUA BIOENGINEERING CO.,LTD.  (KHB)","HIV 1/2, SKB Colloidal Gold, Diagnostic Kit, Antibody, 50 Tests","HIV 1/2, Colloidal Gold, Diagnostic Kit, Antibody",Colloidal Gold,,Test kit,1,360,8280.0,23.0,23.0,"KHB Test Kit Facility, Shanghai China",Yes,261,3135.97,17.85
82612,151-NG-T30,FPQ-11864,SO-44932,DN-3366,Nigeria,PMO - US,From RDC,N/A - From RDC,Air Charter,3/14/2013,N/A - From RDC,31-Oct-13,14-Oct-13,24-Oct-13,ARV,Adult,SCMS from RDC,"Lamivudine/Nevirapine/Zidovudine 150/200/300mg, tablets, 60 Tabs",Lamivudine/Nevirapine/Zidovudine,Generic,150/300/200mg,Tablet - FDC,60,75000,643500.0,8.58,0.14,"Cipla, Goa, India",Yes,22700,20225.07,796.01
69659,106-HT-T30,FPQ-14083,SCMS-240202,ASN-28246,Haiti,PMO - US,Direct Drop,EXW,Ocean,5/11/2014,7/31/2014,17-Nov-14,17-Nov-14,17-Nov-14,ARV,Pediatric,MYLAN LABORATORIES LTD (FORMERLY MATRIX LABORATORIES),"Lamivudine/Nevirapine/Zidovudine 30/50/60mg, dispersible tablets, 60 Tabs",Lamivudine/Nevirapine/Zidovudine,Generic,30/50/60mg,Chewable/dispersible tablet - FDC,60,1152,4147.2,3.6,0.06,Mylan (formerly Matrix) Nashik,No,See ASN-28246 (ID#:33379),See ASN-28246 (ID#:33379),4.26
55304,108-VN-T30,FPQ-16194,SCMS-285490,ASN-33143,Vietnam,PMO - US,Direct Drop,EXW,Air,4/14/2015,5/13/2015,7-Sep-15,7-Sep-15,7-Sep-15,ARV,Adult,HETERO LABS LIMITED,"Efavirenz/Lamivudine/Tenofovir Disoproxil Fumarate 600/300/300mg, tablets, 30 Tabs",Efavirenz/Lamivudine/Tenofovir Disoproxil Fumarate,Generic,600/300/300mg,Tablet - FDC,30,15284,145198.0,9.5,0.32,Hetero Unit III Hyderabad IN,No,See ASN-33143 (ID#:42190),See ASN-33143 (ID#:42190),170.9
83418,151-NG-T30,FPQ-4537,SO-35130,DN-1788,Nigeria,PMO - US,From RDC,N/A - From RDC,Air Charter,11/6/2009,N/A - From RDC,31-May-10,18-May-10,18-May-10,ARV,Adult,SCMS from RDC,"Stavudine 20mg, capsules, 60 Caps",Stavudine,Generic,20mg,Capsule,60,3250,4647.5,1.43,0.02,"Aurobindo Unit III, India",Yes,216,9736.1,10.02
84575,151-NG-T30,FPQ-5023,SO-36447,DN-1905,Nigeria,PMO - US,From RDC,N/A - From RDC,Air,2/10/2010,N/A - From RDC,15-Jul-10,28-Jun-10,28-Jun-10,ARV,Adult,SCMS from RDC,"Efavirenz 600mg, tablets, 30 Tabs",Efavirenz,Generic,600mg,Tablet,30,188,864.8,4.6,0.15,"Aurobindo Unit III, India",Yes,16,Freight Included in Commodity Cost,1.86
83026,104-CI-T30,FPQ-8295,SO-40793,DN-2622,Côte d'Ivoire,PMO - US,From RDC,N/A - From RDC,Truck,8/25/2011,N/A - From RDC,16-Apr-12,11-Apr-12,11-Apr-12,ARV,Pediatric,SCMS from RDC,"Didanosine 200mg, delayed-release capsules, 30 Caps",Didanosine,Generic,200mg,Delayed-release capsules,30,1825,20075.0,11.0,0.37,"Aurobindo Unit III, India",Yes,119,3159.12,33.12
7436,108-VN-T01,Pre-PQ Process,SCMS-31720,ASN-3312,Vietnam,PMO - US,Direct Drop,EXW,Air,Pre-PQ Process,10/21/2008,27-Feb-09,27-Feb-09,27-Feb-09,ARV,Adult,Aurobindo Pharma Limited,"Nevirapine 200mg, tablets, 60 Tabs",Nevirapine,Generic,200mg,Tablet,60,7800,22620.0,2.9,0.05,"Aurobindo Unit III, India",No,See ASN-3312 (ID#:6081),See ASN-3312 (ID#:6081),44.34
11908,106-HT-T01,Pre-PQ Process,SO-12150,DN-859,Haiti,PMO - US,From RDC,N/A - From RDC,Air,Pre-PQ Process,N/A - From RDC,7-Aug-08,7-Aug-08,7-Aug-08,ARV,Pediatric,SCMS from RDC,"Zidovudine 10mg/ml, oral solution, Bottle, 240 ml",Zidovudine,Generic,10mg/ml,Oral solution,240,1760,3696.0,2.1,0.01,"Aurobindo Unit III, India",No,See DN-859 (ID#:11907),See DN-859 (ID#:11907),5.91
86330,102-UG-T30,FPQ-6202,SO-37250,DN-1997,Uganda,PMO - US,From RDC,N/A - From RDC,Air,8/6/2010,N/A - From RDC,29-Oct-10,27-Sep-10,27-Sep-10,ARV,Adult,SCMS from RDC,"Lamivudine/Nevirapine/Zidovudine 150/200/300mg, tablets, 60 Tabs",Lamivudine/Nevirapine/Zidovudine,Generic,150/300/200mg,Tablet - FDC,60,75000,841500.0,11.22,0.19,"Aurobindo Unit III, India",No,See DN-1997 (ID#:82914),See DN-1997 (ID#:82914),1814.27
33833,161-ZA-T30,FPQ-5379,SCMS-69550,ASN-8303,South Africa,PMO - US,Direct Drop,DDP,Air,3/24/2010,3/25/2010,1-Jul-10,1-Jul-10,1-Jul-10,ARV,Pediatric,ASPEN PHARMACARE,"Abacavir 20mg/ml [Ziagen], oral solution, Bottle, 240 ml",Abacavir,Ziagen,20mg/ml,Oral solution,240,80884,1219730.72,15.08,0.06,GSK Mississauga (Canada),Yes,Weight Captured Separately,Freight Included in Commodity Cost,2629.74
11141,104-CI-T01,Pre-PQ Process,SO-817,DN-274,Côte d'Ivoire,PMO - US,From RDC,N/A - From RDC,,Pre-PQ Process,N/A - From RDC,14-Aug-07,14-Aug-07,14-Aug-07,ARV,Adult,SCMS from RDC,"Lamivudine/Nevirapine/Stavudine 150/200/30mg, tablets, 60 Tabs",Lamivudine/Nevirapine/Stavudine,Generic,150/200/30mg,Tablet - FDC,60,32436,243270.0,7.5,0.12,"Cipla, Goa, India",Yes,3203,8258,389.23
11274,110-ZM-T01,Pre-PQ Process,SO-19410,DN-1028,Zambia,PMO - US,From RDC,N/A - From RDC,Truck,Pre-PQ Process,N/A - From RDC,8-Dec-08,8-Dec-08,8-Dec-08,ARV,Adult,SCMS from RDC,"Zidovudine 300mg, tablets, 60 Tabs",Zidovudine,Generic,300mg,Tablet,60,1294,10546.1,8.15,0.14,"Aurobindo Unit III, India",Yes,76,1062.5,20.67
84398,111-MZ-T30,FPQ-13123,SO-47080,DN-3828,Mozambique,PMO - US,From RDC,N/A - From RDC,Truck,10/21/2013,N/A - From RDC,29-Aug-14,5-Nov-14,7-Nov-14,ARV,Adult,SCMS from RDC,"Lamivudine/Stavudine 150/30mg, tablets, 60 Tabs",Lamivudine/Stavudine,Generic,150/30mg,Tablet - FDC,60,5232,13027.68,2.49,0.04,"Strides, Bangalore, India.",No,See DN-3828 (ID#:82713),See DN-3828 (ID#:82713),13.39
84355,111-MZ-T30,FPQ-13123,SO-47084,DN-3627,Mozambique,PMO - US,From RDC,N/A - From RDC,Truck,10/21/2013,N/A - From RDC,3-Jun-14,3-Jun-14,11-Jun-14,ARV,Adult,SCMS from RDC,"Lamivudine/Nevirapine/Zidovudine 150/200/300mg, tablets, 60 Tabs",Lamivudine/Nevirapine/Zidovudine,Generic,150/300/200mg,Tablet - FDC,60,100000,811000.0,8.11,0.14,Hetero Unit III Hyderabad IN,No,See DN-3627 (ID#:83782),See DN-3627 (ID#:83782),833.71
86457,109-TZ-T30,FPQ-9275,SO-41460,DN-2583,Tanzania,PMO - US,From RDC,N/A - From RDC,Air,2/2/2012,N/A - From RDC,30-Mar-12,7-Mar-12,7-Mar-12,HRDT,HIV test,SCMS from RDC,"HIV 1/2, Uni-Gold HIV Kit, 20 Tests","HIV 1/2, Uni-Gold HIV Kit",Uni-Gold,,Test kit,20,5000,160000.0,32.0,1.6,"Trinity Biotech, Plc",Yes,1578,8925,224.32
12335,112-NG-T01,Pre-PQ Process,SO-339,DN-27,Nigeria,PMO - US,From RDC,N/A - From RDC,,Pre-PQ Process,N/A - From RDC,22-Feb-07,22-Feb-07,22-Feb-07,ARV,Pediatric,SCMS from RDC,"Zidovudine 10mg/ml, oral solution, Bottle, 240 ml",Zidovudine,Generic,10mg/ml,Oral solution,240,1200,2580.0,2.15,0.01,"Aurobindo Unit III, India",No,See DN-27 (ID#:10544),See DN-27 (ID#:10544),
24440,116-ZA-T30,FPQ-12522,SCMS-199287,ASN-27748,South Africa,PMO - US,Direct Drop,DDP,Truck,7/11/2013,8/13/2014,13-Aug-14,13-Aug-14,13-Aug-14,ARV,Pediatric,S. BUYS WHOLESALER,"Lopinavir/Ritonavir 80/20mg/ml [Kaletra], oral solution, cool, Bottle 5 x 60 ml",Lopinavir/Ritonavir,Kaletra,80/20mg/ml,Oral solution,300,2,46.9,23.45,0.08,ABBVIE (Abbott) Logis. UK,Yes,Weight Captured Separately,Freight Included in Commodity Cost,0.06
5937,108-VN-T01,Pre-PQ Process,SCMS-27340,ASN-2862,Vietnam,PMO - US,Direct Drop,CIP,Air,Pre-PQ Process,7/23/2008,21-Nov-08,21-Nov-08,21-Nov-08,ARV,Pediatric,BRISTOL-MYERS SQUIBB,"Didanosine 25mg [Videx], chewable tablets, 60 Tabs",Didanosine,Videx,25mg,Chewable/dispersible tablet,60,280,1960.0,7.0,0.12,"BMS Meymac, France",Yes,60,1516.05,3.84
82944,104-CI-T30,FPQ-6891,SO-38540,DN-2153,Côte d'Ivoire,PMO - US,From RDC,N/A - From RDC,Air,12/21/2010,N/A - From RDC,20-Apr-11,10-Jun-11,10-Jun-11,ARV,Adult,SCMS from RDC,"Lamivudine/Nevirapine/Zidovudine 150/200/300mg, tablets, 60 Tabs",Lamivudine/Nevirapine/Zidovudine,Generic,150/300/200mg,Tablet - FDC,60,45000,504900.0,11.22,0.19,Mylan (formerly Matrix) Nashik,No,See DN-2153 (ID#:82374),See DN-2153 (ID#:82374),833.08
12841,117-ET-T01,Pre-PQ Process,SO-21350,DN-1037,Ethiopia,PMO - US,From RDC,N/A - From RDC,Air,Pre-PQ Process,N/A - From RDC,19-Dec-08,19-Dec-08,19-Dec-08,ARV,Pediatric,SCMS from RDC,"Lamivudine 10mg/ml, oral solution, Bottle, 240 ml",Lamivudine,Generic,10mg/ml,Oral solution,240,2005,3809.5,1.9,0.01,"Aurobindo Unit III, India",Yes,692,4983.22,7.47
28532,111-MZ-T30,FPQ-7270,SCMS-103140,ASN-11114,Mozambique,PMO - US,Direct Drop,EXW,Air,3/4/2011,3/30/2011,12-Jul-11,12-Jul-11,12-Jul-11,HRDT,HIV test,"Orgenics, Ltd","HIV 1/2, Determine HIV Kit, without Lancets, 100 Tests","HIV 1/2, Determine HIV Kit, without Lancets",Determine,,Test kit,100,2769,215151.3,77.7,0.78,Inverness Japan,Yes,628,7580.09,355.0
85590,111-MZ-T30,FPQ-15229,SO-50500,DN-4237,Mozambique,PMO - US,From RDC,N/A - From RDC,Truck,10/17/2014,N/A - From RDC,29-May-15,15-Jun-15,15-Jun-15,ARV,Adult,SCMS from RDC,"Tenofovir Disoproxil Fumarate 300mg, tablets, 30 Tabs",Tenofovir Disoproxil Fumarate,Generic,300mg,Tablet,30,960,3408.0,3.55,0.12,Hetero Unit III Hyderabad IN,Yes,76,137.4,4.01
82283,114-UG-T30,FPQ-4275,SO-35160,DN-1601,Uganda,PMO - US,From RDC,N/A - From RDC,Air,9/17/2009,N/A - From RDC,15-Jan-10,22-Jan-10,22-Jan-10,ARV,Adult,SCMS from RDC,"Lamivudine/Nevirapine/Zidovudine 150/200/300mg, tablets, 60 Tabs",Lamivudine/Nevirapine/Zidovudine,Generic,150/300/200mg,Tablet - FDC,60,59,661.98,11.22,0.19,Mylan (formerly Matrix) Nashik,Yes,12,1311,1.3
48419,161-ZA-T30,FPQ-7175,SCMS-104060,ASN-11379,South Africa,PMO - US,Direct Drop,DDP,Ocean,3/10/2011,3/28/2011,6-Dec-11,2-Nov-11,2-Nov-11,ARV,Adult,CIPLA LIMITED,"Nevirapine 200mg, tablets, 60 Tabs",Nevirapine,Generic,200mg,Tablet,60,10817,29422.24,2.72,0.05,"Cipla, Goa, India",Yes,1172,19007.72,48.55
85157,151-NG-T30,FPQ-5688,SO-37500,DN-2025,Nigeria,PMO - US,From RDC,N/A - From RDC,Air,5/27/2010,N/A - From RDC,22-Oct-10,10-Nov-10,10-Nov-10,ARV,Pediatric,SCMS from RDC,"Efavirenz 200mg, capsule, 90 Caps",Efavirenz,Generic,200mg,Capsule,90,2150,20876.5,9.71,0.11,"Aurobindo Unit III, India",No,See DN-2025 (ID#:83460),See DN-2025 (ID#:83460),45.01
12206,119-NA-T01,Pre-PQ Process,SO-1930,DN-651,Namibia,PMO - US,From RDC,N/A - From RDC,Air,Pre-PQ Process,N/A - From RDC,11-Mar-08,11-Mar-08,11-Mar-08,HRDT,HIV test,SCMS from RDC,"HIV 1/2, Uni-Gold HIV Kit, 20 Tests","HIV 1/2, Uni-Gold HIV Kit",Uni-Gold,,Test kit,20,763,24416.0,32.0,1.6,"Trinity Biotech, Plc",Yes,441,6148.1,39.07
85910,111-MZ-T30,FPQ-10210,SO-42840,DN-2899,Mozambique,PMO - US,From RDC,N/A - From RDC,Truck,6/28/2012,N/A - From RDC,30-Nov-12,14-Nov-12,14-Nov-12,ARV,Adult,SCMS from RDC,"Lamivudine/Nevirapine/Zidovudine 150/200/300mg, tablets, 60 Tabs",Lamivudine/Nevirapine/Zidovudine,Generic,150/300/200mg,Tablet - FDC,60,149997,1471470.57,9.81,0.16,"Aurobindo Unit III, India",Yes,17605,6323.1,2063.0
35043,108-VN-T30,FPQ-14516,SCMS-251680,ASN-29385,Vietnam,PMO - US,Direct Drop,EXW,Air,7/9/2014,8/11/2014,24-Dec-14,13-Dec-14,13-Dec-14,ARV,Adult,HETERO LABS LIMITED,"Efavirenz/Lamivudine/Tenofovir Disoproxil Fumarate 600/300/300mg, tablets, 30 Tabs",Efavirenz/Lamivudine/Tenofovir Disoproxil Fumarate,Generic,600/300/300mg,Tablet - FDC,30,18880,198240.0,10.5,0.35,Hetero Unit III Hyderabad IN,Yes,2452,3691.22,203.79
85980,104-CI-T30,FPQ-11253,SO-44230,DN-3215,Côte d'Ivoire,PMO - US,From RDC,N/A - From RDC,Truck,12/14/2012,N/A - From RDC,31-Jul-13,6-Aug-13,6-Aug-13,ARV,Adult,SCMS from RDC,"Lopinavir/Ritonavir 200/50mg, tablets, 120 Tabs",Lopinavir/Ritonavir,Generic,200/50mg,Tablet,120,16000,336000.0,21.0,0.18,"Aurobindo Unit III, India",Yes,3893,17548.41,415.63
74178,114-UG-T30,FPQ-12309,SCMS-192040,ASN-22130,Uganda,PMO - US,Direct Drop,EXW,Air,5/17/2013,6/14/2013,28-Oct-13,28-Oct-13,30-Oct-13,ARV,Pediatric,MYLAN LABORATORIES LTD (FORMERLY MATRIX LABORATORIES),"Efavirenz 200mg, tablets, 30 Tabs",Efavirenz,Generic,200mg,Tablet,30,61386,92079.0,1.5,0.05,Mylan (formerly Matrix) Nashik,Yes,3262,12034.96,113.9
61852,105-GY-T30,FPQ-16480,SCMS-293570,ASN-33568,Guyana,PMO - US,Direct Drop,EXW,Air,6/24/2015,7/17/2015,28-Aug-15,28-Aug-15,28-Aug-15,HRDT,HIV test,"Orgenics, Ltd","HIV 1/2, Determine Complete HIV Kit, 100 Tests","HIV 1/2, Determine Complete HIV Kit",Determine,,Test kit,100,305,30500.0,100.0,1.0,"Alere Medical Co., Ltd.",Yes,Weight Captured Separately,Invoiced Separately,35.9
41368,106-HT-T30,FPQ-4389,SCMS-58050,ASN-7024,Haiti,PMO - US,Direct Drop,FCA,Air,11/3/2009,11/23/2009,29-Jun-10,29-Jun-10,29-Jun-10,ARV,Pediatric,ABBVIE LOGISTICS (FORMERLY ABBOTT LOGISTICS BV),"Lopinavir/Ritonavir 80/20mg/ml [Kaletra], oral solution, cool, Bottle 5 x 60 ml",Lopinavir/Ritonavir,Kaletra,80/20mg/ml,Oral solution,300,50,1808.0,36.16,0.12,ABBVIE (Abbott) Logis. UK,Yes,100,3806.01,3.9
83508,110-ZM-T30,FPQ-6677,SO-38060,DN-2254,Zambia,PMO - US,From RDC,N/A - From RDC,Truck,11/8/2010,N/A - From RDC,15-Jul-11,11-Jul-11,11-Jul-11,ARV,Adult,SCMS from RDC,"Lamivudine 150mg, tablets, 60 Tabs",Lamivudine,Generic,150mg,Tablet,60,18579,43289.07,2.33,0.04,Hetero Unit III Hyderabad IN,Yes,2029,6801.72,71.43
79885,113-ZW-T30,FPQ-13939,SCMS-240570,ASN-27582,Zimbabwe,PMO - US,Direct Drop,EXW,Air Charter,4/1/2014,5/27/2014,17-Sep-14,17-Sep-14,19-Sep-14,ARV,Adult,HETERO LABS LIMITED,"Lamivudine/Tenofovir Disoproxil Fumarate 300/300mg, tablets, 30 Tabs",Lamivudine/Tenofovir Disoproxil Fumarate,Generic,300/300mg,Tablet - FDC,30,27053,124984.86,4.62,0.15,Hetero Unit III Hyderabad IN,Yes,4598,25467.64,128.48
83898,102-ZW-T30,FPQ-13991,SO-48491,DN-4164,Zimbabwe,PMO - US,From RDC,N/A - From RDC,Truck,4/1/2014,N/A - From RDC,30-Apr-15,17-Mar-15,19-Mar-15,ARV,Adult,SCMS from RDC,"Abacavir/Lamivudine 600/300mg, tablets, 30 Tabs",Abacavir/Lamivudine,Generic,600/300mg,Tablet - FDC,30,1087,14294.05,13.15,0.44,Mylan (formerly Matrix) Nashik,Yes,102,129.75,14.69
84309,151-NG-T30,FPQ-11864,SO-44930,DN-3434,Nigeria,PMO - US,From RDC,N/A - From RDC,Air Charter,3/14/2013,N/A - From RDC,31-Dec-13,26-Nov-13,5-Dec-13,ARV,Adult,SCMS from RDC,"Lamivudine/Nevirapine/Zidovudine 150/200/300mg, tablets, 60 Tabs",Lamivudine/Nevirapine/Zidovudine,Generic,150/300/200mg,Tablet - FDC,60,67334,577725.72,8.58,0.14,"Aurobindo Unit III, India",Yes,8716,26340,714.65
46355,106-HT-T30,FPQ-14083,SCMS-240200,ASN-27005,Haiti,PMO - US,Direct Drop,EXW,Air,5/11/2014,6/2/2014,25-Aug-14,25-Aug-14,28-Aug-14,ARV,Adult,MYLAN LABORATORIES LTD (FORMERLY MATRIX LABORATORIES),"Tenofovir Disoproxil Fumarate 300mg, tablets, 30 Tabs",Tenofovir Disoproxil Fumarate,Generic,300mg,Tablet,30,58,232.0,4.0,0.13,Mylan (formerly Matrix) Nashik,Yes,19,1274.35,0.24
54440,161-ZA-T30,FPQ-5303,SCMS-68750,ASN-8175,South Africa,PMO - US,Direct Drop,DDP,Air,3/18/2010,3/19/2010,13-Oct-10,13-Oct-10,13-Oct-10,ARV,Adult,CIPLA LIMITED,"Tenofovir Disoproxil Fumarate 300mg, tablets, 30 Tabs",Tenofovir Disoproxil Fumarate,Generic,300mg,Tablet,30,72558,567403.56,7.82,0.26,"Cipla, Goa, India",Yes,4942,3646.13,1223.32
84676,109-TZ-T30,FPQ-6713,SO-40710,DN-2375,Tanzania,PMO - US,From RDC,N/A - From RDC,Truck,12/2/2010,N/A - From RDC,29-Sep-11,23-Sep-11,23-Sep-11,ARV,Adult,SCMS from RDC,"Efavirenz/Emtricitabine/Tenofovir Disoproxil Fumarate 600/200/300mg, tablets, 30 Tabs",Efavirenz/Emtricitabine/Tenofovir Disoproxil Fumarate,Generic,600/200/300mg,Tablet - FDC,30,68235,1359241.2,19.92,0.66,Mylan (formerly Matrix) Nashik,Yes,83,2094.34,2242.75
49607,116-ZA-T30,FPQ-4770,SCMS-60170,ASN-5933,South Africa,PMO - US,Direct Drop,DDP,Truck,12/17/2009,12/23/2009,29-Dec-09,29-Dec-09,29-Dec-09,ARV,Pediatric,S. BUYS WHOLESALER,"Didanosine 25mg [Videx], chewable tablets, 60 Tabs",Didanosine,Videx,25mg,Chewable/dispersible tablet,60,8,121.46,15.18,0.25,"BMS Meymac, France",No,Weight Captured Separately,Freight Included in Commodity Cost,0.26
74333,116-ZA-T30,FPQ-14942,SCMS-259079,ASN-33852,South Africa,PMO - US,Direct Drop,DDP,Truck,9/11/2014,10/9/2014,24-Aug-15,24-Aug-15,24-Aug-15,ARV,Adult,PHARMACY DIRECT,"Zidovudine 300mg, tablets, 60 Tabs",Zidovudine,Generic,300mg,Tablet,60,15,289.91,19.33,0.32,"Aurobindo Unit III, India",No,Weight Captured Separately,Freight Included in Commodity Cost,0.3
9603,116-ZA-T01,Pre-PQ Process,SCMS-17630,ASN-1532,South Africa,PMO - US,Direct Drop,DDP,Truck,Pre-PQ Process,1/21/2008,5-Feb-08,21-Jan-08,21-Jan-08,ARV,Adult,"JSI R&T INSTITUTE, INC.","Stavudine 30mg [Zerit], capsules, 60 Caps",Stavudine,Zerit,30mg,Capsule,60,600,3426.0,5.71,0.1,"BMS Meymac, France",No,Weight Captured Separately,Freight Included in Commodity Cost,5.48
83825,101-CD-T30,FPQ-14252,SO-48860,DN-3836,"Congo, DRC",PMO - US,From RDC,N/A - From RDC,Air,5/7/2014,N/A - From RDC,24-Sep-14,28-Oct-14,4-Dec-14,ARV,Pediatric,SCMS from RDC,"Nevirapine 10mg/ml, oral suspension w/syringe, Bottle, 100 ml",Nevirapine,Generic,10mg/ml,Oral suspension,100,1330,1729.0,1.3,0.01,"Aurobindo Unit III, India",Yes,416,5347.37,1.78
65002,106-HT-T30,FPQ-12590,SCMS-210530,ASN-22712,Haiti,PMO - US,Direct Drop,EXW,Air,8/21/2013,10/25/2013,24-Jan-14,24-Jan-14,29-Jan-14,ARV,Adult,MYLAN LABORATORIES LTD (FORMERLY MATRIX LABORATORIES),"Atazanavir/Ritonavir 300/100mg, tablets, 30 Tabs",Atazanavir/Ritonavir,Generic,300/100mg,Tablet,30,3905,78100.0,20.0,0.67,Mylan (formerly Matrix) Nashik,No,See ASN-22712 (ID#:47413),See ASN-22712 (ID#:47413),96.61
84545,114-UG-T30,FPQ-5014,SO-35890,DN-1757,Uganda,PMO - US,From RDC,N/A - From RDC,Truck,1/29/2010,N/A - From RDC,7-Apr-10,25-Mar-10,25-Mar-10,ARV,Adult,SCMS from RDC,"Efavirenz 600mg, tablets, 30 Tabs",Efavirenz,Generic,600mg,Tablet,30,4500,24075.0,5.35,0.18,Mylan (formerly Matrix) Nashik,Yes,350,1854,51.91
64020,161-ZA-T30,FPQ-6262,SCMS-83830,ASN-9490,South Africa,PMO - US,Direct Drop,DDP,Ocean,8/31/2010,9/24/2010,4-Mar-11,4-Mar-11,4-Mar-11,ARV,Pediatric,Aurobindo Pharma Limited,"Lamivudine 10mg/ml, oral solution w/syringe, Bottle, 240 ml",Lamivudine,Generic,10mg/ml,Oral solution,240,48264,97493.28,2.02,0.01,"Aurobindo Unit III, India",Yes,17436,10446.36,210.2
83383,110-ZM-T30,FPQ-4035,SO-34600,DN-1553,Zambia,PMO - US,From RDC,N/A - From RDC,Truck,8/5/2009,N/A - From RDC,30-Nov-09,3-Dec-09,3-Dec-09,ARV,Adult,SCMS from RDC,"Lamivudine/Tenofovir Disoproxil Fumarate 300/300mg, tablets, 30 Tabs",Lamivudine/Tenofovir Disoproxil Fumarate,Generic,300/300mg,Tablet - FDC,30,110000,1100000.0,10.0,0.33,Mylan (formerly Matrix) Nashik,Yes,9221,8104.79,2156.0
11916,100-PK-T01,Pre-PQ Process,SO-14930,DN-1004,Pakistan,PMO - US,From RDC,N/A - From RDC,Air,Pre-PQ Process,N/A - From RDC,17-Nov-08,17-Nov-08,17-Nov-08,HRDT,HIV test,SCMS from RDC,"HIV 1/2, Determine HIV Kit, without Lancets, 100 Tests","HIV 1/2, Determine HIV Kit, without Lancets",Determine,,Test kit,100,12,1199.88,99.99,1.0,Inverness Japan,No,See DN-1004 (ID#:11280),See DN-1004 (ID#:11280),2.35
11351,111-MZ-T01,Pre-PQ Process,SO-32560,DN-1395,Mozambique,PMO - US,From RDC,N/A - From RDC,Truck,Date Not Captured,N/A - From RDC,7-Oct-09,7-Oct-09,7-Oct-09,ARV,Adult,SCMS from RDC,"Efavirenz 600mg, tablets, 30 Tabs",Efavirenz,Generic,600mg,Tablet,30,8662,84194.64,9.72,0.32,Mylan (formerly Matrix) Nashik,No,See DN-1395 (ID#:11350),See DN-1395 (ID#:11350),165.02
82417,104-CI-T30,FPQ-8295,SO-40780,DN-2421,Côte d'Ivoire,PMO - US,From RDC,N/A - From RDC,Truck,8/25/2011,N/A - From RDC,15-Dec-11,19-Nov-11,19-Nov-11,ARV,Adult,SCMS from RDC,"Lamivudine 150mg, tablets, 60 Tabs",Lamivudine,Generic,150mg,Tablet,60,8100,18873.0,2.33,0.04,"Aurobindo Unit III, India",Yes,387,3296.34,31.14
51073,116-ZA-T30,FPQ-13035,SCMS-215370,ASN-24415,South Africa,PMO - US,Direct Drop,DDP,Truck,10/8/2013,12/2/2013,6-Feb-14,6-Feb-14,6-Feb-14,ARV,Adult,S. BUYS WHOLESALER,"Efavirenz 600mg, tablets, 30 Tabs",Efavirenz,Generic,600mg,Tablet,30,757,11261.49,14.88,0.5,"Cipla, Goa, India",No,Weight Captured Separately,Freight Included in Commodity Cost,13.93
40136,116-ZA-T30,FPQ-14942,SCMS-259076,ASN-32524,South Africa,PMO - US,Direct Drop,DDP,Truck,9/11/2014,6/2/2015,2-Jun-15,2-Jun-15,2-Jun-15,ARV,Pediatric,PHARMACY DIRECT,"Efavirenz 200mg, capsule, 90 Caps",Efavirenz,Generic,200mg,Capsule,90,8,136.35,17.04,0.19,"Aurobindo Unit III, India",No,Weight Captured Separately,Freight Included in Commodity Cost,0.14
21037,114-UG-T30,FPQ-6918,SCMS-96930,ASN-10455,Uganda,PMO - US,Direct Drop,CIP,Air,1/6/2011,1/21/2011,19-Apr-11,19-Apr-11,19-Apr-11,ARV,Adult,MERCK SHARP & DOHME IDEA GMBH (FORMALLY MERCK SHARP & DOHME B.V.),"Raltegravir 400mg [Isentress], tablets, 60 Tabs",Raltegravir,Isentress,400mg,Tablet,60,55,5032.5,91.5,1.52,"MSD, Haarlem, NL",Yes,6,99,8.3
83288,114-UG-T30,FPQ-14396,SO-48970,DN-4008,Uganda,PMO - US,From RDC,N/A - From RDC,Truck,6/4/2014,N/A - From RDC,28-Nov-14,3-Dec-14,4-Dec-14,ARV,Pediatric,SCMS from RDC,"Abacavir/Lamivudine 60/30mg, tablets, 60 Tabs",Abacavir/Lamivudine,Generic,60/30mg,Tablet - FDC,60,9308,38069.72,4.09,0.07,Mylan (formerly Matrix) Nashik,No,See DN-4008 (ID#:82753),See DN-4008 (ID#:82753),39.14
84319,102-BI-T30,FPQ-12602,SO-46020,DN-3381,Burundi,PMO - US,From RDC,N/A - From RDC,Air,7/9/2013,N/A - From RDC,15-Nov-13,22-Nov-13,21-Jan-14,ARV,Adult,SCMS from RDC,"Lopinavir/Ritonavir 200/50mg, tablets, 120 Tabs",Lopinavir/Ritonavir,Generic,200/50mg,Tablet,120,88,1848.0,21.0,0.18,Mylan (formerly Matrix) Nashik,Yes,95,771.9,2.29
47857,117-ET-T30,FPQ-9098,SCMS-133540,ASN-14233,Ethiopia,PMO - US,Direct Drop,EXW,Air,1/10/2012,1/23/2012,27-Mar-12,27-Mar-12,27-Mar-12,HRDT,HIV test,"CHEMBIO DIAGNOSTIC SYSTEMS, INC.","HIV 1/2, Stat-Pak HIV, Kit, 20 Tests","HIV 1/2, Stat-Pak HIV, Kit",Stat-Pak,,Test kit,20,340,9860.0,29.0,1.45,Chembio Diagnostics Sys. Inc.,Yes,151,827.88,13.82
85637,104-CI-T30,FPQ-3964,SO-34501,DN-1543,Côte d'Ivoire,PMO - US,From RDC,N/A - From RDC,Air,7/24/2009,N/A - From RDC,1-Dec-09,2-Dec-09,2-Dec-09,ARV,Adult,SCMS from RDC,"Zidovudine 300mg, tablets, 60 Tabs",Zidovudine,Generic,300mg,Tablet,60,8430,63477.9,7.53,0.13,"Aurobindo Unit III, India",Yes,546,1211.48,124.42
54248,161-ZA-T30,FPQ-6262,SCMS-91340,ASN-10011,South Africa,PMO - US,Direct Drop,DDP,Air,8/31/2010,11/19/2010,9-Feb-11,17-Mar-11,17-Mar-11,ARV,Pediatric,ASPEN PHARMACARE,"Abacavir 20mg/ml [Ziagen], oral solution, Bottle, 240 ml",Abacavir,Ziagen,20mg/ml,Oral solution,240,12000,120240.0,10.02,0.04,GSK Mississauga (Canada),Yes,Weight Captured Separately,12474.06,259.24
68096,108-VN-T30,FPQ-4266,SCMS-56290,ASN-6251,Vietnam,PMO - US,Direct Drop,EXW,Air,10/20/2009,11/2/2009,22-Mar-10,22-Mar-10,22-Mar-10,ARV,Adult,MYLAN LABORATORIES LTD (FORMERLY MATRIX LABORATORIES),"Zidovudine 300mg, tablets, 60 Tabs",Zidovudine,Generic,300mg,Tablet,60,840,6300.0,7.5,0.12,Mylan (formerly Matrix) Nashik,Yes,57,8747.56,12.35
52837,133-NG-T30,FPQ-15504,SCMS-270771,ASN-32758,Nigeria,PMO - US,Direct Drop,EXW,Air,12/8/2014,3/13/2015,30-Jun-15,26-Jun-15,2-Jul-15,HRDT,HIV test,"Orgenics, Ltd","HIV 1/2, Determine Complete HIV Kit, 100 Tests","HIV 1/2, Determine Complete HIV Kit",Determine,,Test kit,100,4657,414473.0,89.0,0.89,"Alere Medical Co., Ltd.",Yes,2307,21672.24,487.83
83603,111-MZ-T30,FPQ-9506,SO-41750,DN-2739,Mozambique,PMO - US,From RDC,N/A - From RDC,Truck,3/16/2012,N/A - From RDC,2-Oct-12,22-Aug-12,22-Aug-12,ARV,Adult,SCMS from RDC,"Zidovudine 300mg, tablets, 60 Tabs",Zidovudine,Generic,300mg,Tablet,60,24530,172200.6,7.02,0.12,Mylan (formerly Matrix) Nashik,Yes,1380,6483.81,241.43
84018,151-NG-T30,FPQ-5023,SO-36522,DN-1923,Nigeria,PMO - US,From RDC,N/A - From RDC,Air,2/10/2010,N/A - From RDC,15-Jul-10,28-Jun-10,28-Jun-10,ARV,Pediatric,SCMS from RDC,"Efavirenz 200mg, capsule, 90 Caps",Efavirenz,Generic,200mg,Capsule,90,500,4855.0,9.71,0.11,"Aurobindo Unit III, India",Yes,60,Freight Included in Commodity Cost,10.47
1549,123-NG-T01,Pre-PQ Process,SCMS-15550,ASN-1197,Nigeria,PMO - US,Direct Drop,EXW,Air,Pre-PQ Process,Date Not Captured,5-Feb-08,5-Feb-08,5-Feb-08,HRDT,HIV test,"Orgenics, Ltd","HIV 1/2, Determine HIV Kit, without Lancets, 100 Tests","HIV 1/2, Determine HIV Kit, without Lancets",Determine,,Test kit,100,650,51993.5,79.99,0.8,Inverness Japan,Yes,148,2577.27,83.19
82696,151-NG-T30,FPQ-13293,SO-47273,DN-3801,Nigeria,PMO - US,From RDC,N/A - From RDC,Air Charter,11/19/2013,N/A - From RDC,31-Jul-14,20-Jun-14,25-Jun-14,ARV,Adult,SCMS from RDC,"Lamivudine/Nevirapine/Zidovudine 150/200/300mg, tablets, 60 Tabs",Lamivudine/Nevirapine/Zidovudine,Generic,150/300/200mg,Tablet - FDC,60,97000,786670.0,8.11,0.14,Mylan (formerly Matrix) Nashik,Yes,12823,28812.57,808.7
86587,151-NG-T30,FPQ-11864,SO-44924,DN-3253,Nigeria,PMO - US,From RDC,N/A - From RDC,Air Charter,3/14/2013,N/A - From RDC,4-Sep-13,23-Jul-13,23-Jul-13,ARV,Pediatric,SCMS from RDC,"Lamivudine/Nevirapine/Zidovudine 30/50/60mg, dispersible tablets, 60 Tabs",Lamivudine/Nevirapine/Zidovudine,Generic,30/50/60mg,Chewable/dispersible tablet - FDC,60,28029,116320.35,4.15,0.07,Mylan (formerly Matrix) Nashik,Yes,1698,Freight Included in Commodity Cost,143.89
50607,106-HT-T30,FPQ-4406,SCMS-57150,ASN-5587,Haiti,PMO - US,Direct Drop,EXW,Air,10/23/2009,11/19/2009,17-Dec-09,17-Dec-09,17-Dec-09,ARV,Adult,Aurobindo Pharma Limited,"Lopinavir/Ritonavir 200/50mg, tablets, 120 Tabs",Lopinavir/Ritonavir,Generic,200/50mg,Tablet,120,740,27750.0,37.5,0.31,"Aurobindo Unit III, India",Yes,203,2228.92,59.83
83209,104-CI-T30,FPQ-12800,SO-46371,DN-3544,Côte d'Ivoire,PMO - US,From RDC,N/A - From RDC,Air,8/9/2013,N/A - From RDC,28-Feb-14,18-Feb-14,4-Mar-14,ARV,Pediatric,SCMS from RDC,"Lamivudine/Nevirapine/Zidovudine 30/50/60mg, dispersible tablets, 60 Tabs",Lamivudine/Nevirapine/Zidovudine,Generic,30/50/60mg,Chewable/dispersible tablet - FDC,60,10500,39375.0,3.75,0.06,"Strides, Bangalore, India.",Yes,574,4063.81,48.71
11008,113-ZW-T01,Pre-PQ Process,SO-18100,DN-1115,Zimbabwe,PMO - US,From RDC,N/A - From RDC,Truck,Pre-PQ Process,N/A - From RDC,6-Apr-09,6-Apr-09,6-Apr-09,ARV,Adult,SCMS from RDC,"Lamivudine/Nevirapine/Stavudine 150/200/30mg, tablets, 60 Tabs",Lamivudine/Nevirapine/Stavudine,Generic,150/200/30mg,Tablet - FDC,60,76000,562400.0,7.4,0.12,"Cipla, Goa, India",Yes,8848,37040.86,1102.3
43480,161-ZA-T30,FPQ-5648,SCMS-75480,ASN-8340,South Africa,PMO - US,Direct Drop,DDP,Air,6/2/2010,6/17/2010,13-Dec-10,13-Dec-10,13-Dec-10,ARV,Pediatric,Aurobindo Pharma Limited,"Nevirapine 10mg/ml, oral suspension w/syringe, Bottle, 240 ml",Nevirapine,Generic,10mg/ml,Oral suspension,240,19098,60158.7,3.15,0.01,"Aurobindo Unit III, India",Yes,7367,3444.28,129.7
41623,161-ZA-T30,FPQ-6262,SCMS-83730,ASN-9947,South Africa,PMO - US,Direct Drop,DDP,Ocean,8/31/2010,9/24/2010,26-Apr-11,26-Apr-11,26-Apr-11,ARV,Adult,Aurobindo Pharma Limited,"Efavirenz 600mg, tablets, 30 Tabs",Efavirenz,Generic,600mg,Tablet,30,100591,455677.23,4.53,0.15,"Aurobindo Unit III, India",Yes,8635,11203.79,982.44
12100,107-RW-T01,Pre-PQ Process,SO-833,DN-361,Rwanda,PMO - US,From RDC,N/A - From RDC,Air,Pre-PQ Process,N/A - From RDC,16-Oct-07,16-Oct-07,16-Oct-07,HRDT,HIV test,SCMS from RDC,"HIV 1/2, Uni-Gold HIV Kit, 20 Tests","HIV 1/2, Uni-Gold HIV Kit",Uni-Gold,,Test kit,20,1883,60256.0,32.0,1.6,"Trinity Biotech, Plc",Yes,627,7670.04,96.41
12515,111-MZ-T01,Pre-PQ Process,SO-1882,DN-817,Mozambique,PMO - US,From RDC,N/A - From RDC,Air,Pre-PQ Process,N/A - From RDC,7-Aug-08,7-Aug-08,7-Aug-08,ARV,Adult,SCMS from RDC,"Lamivudine/Nevirapine/Stavudine 150/200/30mg, tablets, 60 Tabs",Lamivudine/Nevirapine/Stavudine,Generic,150/200/30mg,Tablet - FDC,60,138325,995940.0,7.2,0.12,"Strides, Bangalore, India.",No,See DN-817 (ID#:10981),See DN-817 (ID#:10981),1593.5
61896,102-ML-T30,FPQ-11783,SCMS-182800,ASN-19649,Mali,PMO - US,Direct Drop,EXW,Air,3/15/2013,4/11/2013,11-Jun-13,11-Jun-13,11-Jun-13,HRDT,HIV test - Ancillary,"Orgenics, Ltd","HIV, Lancet, Safety, for HIV Test kits, 100 Pcs","HIV, Lancet, Safety, for HIV Test kits, 100 Pcs",Generic,,Test kit - Ancillary,100,21,105.0,5.0,0.05,"Alere Medical Co., Ltd.",No,See ASN-19649 (ID#:15382),See ASN-19649 (ID#:15382),0.13
19405,109-TZ-T30,FPQ-12197,SCMS-189360,ASN-21234,Tanzania,PMO - US,Direct Drop,EXW,Air,4/30/2013,5/29/2013,17-Sep-13,16-Sep-13,16-Sep-13,HRDT,HIV test,"Standard Diagnostics, Inc.","HIV 1/2, Determine Complete HIV Kit, 100 Tests","HIV 1/2, Determine Complete HIV Kit",Determine,,Test kit,100,3039,0.0,0.0,0.0,"Alere Medical Co., Ltd.",Yes,1257,21351.18,0.0
46513,116-ZA-T30,FPQ-14942,SCMS-259075,ASN-32122,South Africa,PMO - US,Direct Drop,DDP,Truck,9/11/2014,5/11/2015,12-May-15,12-May-15,12-May-15,ARV,Adult,PHARMACY DIRECT,"Emtricitabine/Tenofovir Disoproxil Fumarate 200/300mg, tablets, 30 Tabs",Emtricitabine/Tenofovir Disoproxil Fumarate,Generic,200/300mg,Tablet - FDC,30,11,240.14,21.83,0.73,"Aurobindo Unit III, India",No,Weight Captured Separately,Freight Included in Commodity Cost,0.25
2157,116-ZA-T01,Pre-PQ Process,SCMS-33320,ASN-3553,South Africa,PMO - US,Direct Drop,DDP,Truck,Pre-PQ Process,Date Not Captured,17-May-09,9-Oct-08,9-Oct-08,ARV,Pediatric,S. BUYS WHOLESALER,"Zidovudine 10mg/ml [Retrovir], oral solution, Bottle, 200 ml",Zidovudine,Retrovir,10mg/ml,Oral solution,200,120,733.2,6.11,0.03,GSK Mississauga (Canada),No,Weight Captured Separately,Freight Included in Commodity Cost,1.44
84927,104-CI-T30,FPQ-12800,SO-46390,DN-3692,Côte d'Ivoire,PMO - US,From RDC,N/A - From RDC,Truck,8/9/2013,N/A - From RDC,30-Jun-14,16-May-14,30-Jun-14,ARV,Adult,SCMS from RDC,"Lopinavir/Ritonavir 200/50mg [Aluvia], tablets, 120 Tabs",Lopinavir/Ritonavir,Aluvia,200/50mg,Tablet,120,54000,1020600.0,18.9,0.16,ABBVIE Ludwigshafen Germany,Yes,11971,44448.75,1262.48
44930,133-NG-T30,FPQ-12456,SCMS-196560,ASN-21218,Nigeria,PMO - US,Direct Drop,EXW,Air,6/10/2013,7/10/2013,18-Sep-13,18-Sep-13,18-Sep-13,HRDT,HIV test,"Orgenics, Ltd","HIV 1/2, Determine Complete HIV Kit, 100 Tests","HIV 1/2, Determine Complete HIV Kit",Determine,,Test kit,100,3055,271895.0,89.0,0.89,"Alere Medical Co., Ltd.",Yes,1241,13325.59,336.33
63652,900-TZ-T30,FPQ-10396,SCMS-157661,ASN-17085,Tanzania,PMO - US,Direct Drop,EXW,Air,7/31/2012,10/4/2012,7-Dec-12,7-Dec-12,7-Dec-12,HRDT,HIV test,"Orgenics, Ltd","HIV 1/2, Determine Complete HIV Kit, 100 Tests","HIV 1/2, Determine Complete HIV Kit",Determine,,Test kit,100,2744,219520.0,80.0,0.8,"Alere Medical Co., Ltd.",Yes,1303,22317.25,307.77
13862,102-BI-T30,FPQ-15186,SCMS-260800,ASN-30384,Burundi,PMO - US,Direct Drop,EXW,Air,10/17/2014,11/12/2014,18-Feb-15,18-Feb-15,18-Feb-15,HRDT,HIV test,"CHEMBIO DIAGNOSTIC SYSTEMS, INC.","HIV 1/2, Stat-Pak Dipstick Assay Kit, 30 Tests","HIV 1/2, Stat-Pak Dipstick Assay Kit",Stat-Pak,,Test kit,30,595,16422.0,27.6,0.92,Chembio Diagnostics Sys. Inc.,Yes,63,865.67,19.33
85399,151-NG-T30,FPQ-11864,SO-44931,DN-3324,Nigeria,PMO - US,From RDC,N/A - From RDC,Air Charter,3/14/2013,N/A - From RDC,18-Sep-13,12-Sep-13,12-Sep-13,ARV,Adult,SCMS from RDC,"Lamivudine/Nevirapine/Zidovudine 150/200/300mg, tablets, 60 Tabs",Lamivudine/Nevirapine/Zidovudine,Generic,150/300/200mg,Tablet - FDC,60,80000,686400.0,8.58,0.14,"Strides, Bangalore, India.",No,See DN-3324 (ID#:84854),See DN-3324 (ID#:84854),849.08
86816,151-NG-T30,FPQ-16313,SO-51440,DN-4282,Nigeria,PMO - US,From RDC,N/A - From RDC,Air,5/4/2015,N/A - From RDC,30-Jun-15,22-Jun-15,29-Jun-15,ARV,Adult,SCMS from RDC,"Efavirenz 600mg, tablets, 30 Tabs",Efavirenz,Generic,600mg,Tablet,30,6724,20978.88,3.12,0.1,"Strides, Bangalore, India.",No,See DN-4282 (ID#:83919),See DN-4282 (ID#:83919),24.69
86679,101-CD-T30,FPQ-13554,SO-47631,DN-3654,"Congo, DRC",PMO - US,From RDC,N/A - From RDC,Air,1/15/2014,N/A - From RDC,15-Aug-14,15-Aug-14,5-Sep-14,ARV,Adult,SCMS from RDC,"Zidovudine 300mg, tablets, 60 Tabs",Zidovudine,Generic,300mg,Tablet,60,3000,16500.0,5.5,0.09,Mylan (formerly Matrix) Nashik,No,See DN-3654 (ID#:84361),See DN-3654 (ID#:84361),16.96
29913,101-CD-T30,FPQ-11043,SCMS-168010,ASN-18081,"Congo, DRC",PMO - US,Direct Drop,EXW,Air,11/16/2012,12/6/2012,29-Jul-13,29-Jul-13,29-Jul-13,HRDT,HIV test,"Trinity Biotech, Plc","HIV 1/2, Uni-Gold HIV Kit, 20 Tests","HIV 1/2, Uni-Gold HIV Kit",Uni-Gold,,Test kit,20,362,11584.0,32.0,1.6,"Trinity Biotech, Plc",Yes,134,1941.34,14.33
83154,114-UG-T30,FPQ-11133,SO-43874,DN-3285,Uganda,PMO - US,From RDC,N/A - From RDC,Truck,12/13/2012,N/A - From RDC,30-Aug-13,30-Aug-13,30-Aug-13,ARV,Pediatric,SCMS from RDC,"Efavirenz 200mg, scored tablets, 90 Tabs",Efavirenz,Generic,200mg,Tablet,90,338,2467.4,7.3,0.08,"Strides, Bangalore, India.",Yes,25,759.79,3.05
70531,106-HT-T30,FPQ-11443,SCMS-180960,ASN-20434,Haiti,PMO - US,Direct Drop,EXW,Air,2/7/2013,3/22/2013,14-Aug-13,14-Aug-13,14-Aug-13,ARV,Adult,MICRO LABS LIMITED,"Nevirapine 200mg, tablets, 60 Tabs",Nevirapine,Generic,200mg,Tablet,60,15825,34815.0,2.2,0.04,"Micro labs, Verna, Goa, India",No,See ASN-20434 (ID#:13874),See ASN-20434 (ID#:13874),43.07
74156,105-SS-T30,FPQ-15569,SCMS-272170,ASN-31958,South Sudan,PMO - US,Direct Drop,EXW,Air,12/29/2014,2/20/2015,2-Jul-15,2-Jul-15,3-Jul-15,HRDT,HIV test,"Orgenics, Ltd","HIV 1/2, Determine Complete HIV Kit, 100 Tests","HIV 1/2, Determine Complete HIV Kit",Determine,,Test kit,100,90,8010.0,89.0,0.89,"Alere Medical Co., Ltd.",No,See ASN-31958 (ID#:15788),See ASN-31958 (ID#:15788),9.43
83098,107-RW-T30,FPQ-10119,SO-42710,DN-2961,Rwanda,PMO - US,From RDC,N/A - From RDC,Air,6/18/2012,N/A - From RDC,6-Feb-13,6-Feb-13,6-Feb-13,ARV,Adult,SCMS from RDC,"Lamivudine/Tenofovir Disoproxil Fumarate 300/300mg, tablets, 30 Tabs",Lamivudine/Tenofovir Disoproxil Fumarate,Generic,300/300mg,Tablet - FDC,30,34997,187583.92,5.36,0.18,"Aurobindo Unit VII, IN",Yes,10698,20994.85,262.99
86598,103-ZW-T30,FPQ-11478,SO-44291,DN-3293,Zimbabwe,PMO - US,From RDC,N/A - From RDC,Truck,1/16/2013,N/A - From RDC,12-Sep-13,20-Sep-13,20-Sep-13,ARV,Pediatric,SCMS from RDC,"Lamivudine/Nevirapine/Zidovudine 30/50/60mg, dispersible tablets, 60 Tabs",Lamivudine/Nevirapine/Zidovudine,Generic,30/50/60mg,Chewable/dispersible tablet - FDC,60,61591,255602.65,4.15,0.07,"Strides, Bangalore, India.",Yes,2641,4529.65,316.18
9567,116-ZA-T01,Pre-PQ Process,SCMS-16600,ASN-1520,South Africa,PMO - US,Direct Drop,DDP,,Pre-PQ Process,1/4/2008,21-Jan-08,4-Jan-08,4-Jan-08,ARV,Adult,"JSI R&T INSTITUTE, INC.","Tenofovir Disoproxil Fumarate 300mg [Viread], tablets, 30 Tabs",Tenofovir Disoproxil Fumarate,Viread,300mg,Tablet,30,150,3838.5,25.59,0.85,"Aspen-OSD, Port Elizabeth, SA",No,Weight Captured Separately,Freight Included in Commodity Cost,6.14
26576,116-ZA-T30,FPQ-14942,SCMS-259072,ASN-30376,South Africa,PMO - US,Direct Drop,DDP,Truck,9/11/2014,1/26/2015,26-Jan-15,26-Jan-15,26-Jan-15,ARV,Pediatric,PHARMACY DIRECT,"Atazanavir 150mg [Reyataz], capsules, 60 Caps",Atazanavir,Reyataz,150mg,Capsule,60,6,95.4,15.9,0.26,"BMS Evansville, US",No,Weight Captured Separately,Freight Included in Commodity Cost,0.1
84345,111-MZ-T30,FPQ-13123,SO-47083,DN-3580,Mozambique,PMO - US,From RDC,N/A - From RDC,Truck,10/21/2013,N/A - From RDC,15-Apr-14,14-Apr-14,17-Apr-14,ARV,Adult,SCMS from RDC,"Lamivudine/Nevirapine/Zidovudine 150/200/300mg, tablets, 60 Tabs",Lamivudine/Nevirapine/Zidovudine,Generic,150/300/200mg,Tablet - FDC,60,54997,454275.22,8.26,0.14,"Aurobindo Unit III, India",No,See DN-3580 (ID#:83772),See DN-3580 (ID#:83772),466.99
57537,116-ZA-T30,FPQ-12522,SCMS-199283,ASN-27978,South Africa,PMO - US,Direct Drop,DDP,Truck,7/11/2013,8/27/2014,27-Aug-14,27-Aug-14,27-Aug-14,ARV,Adult,S. BUYS WHOLESALER,"Efavirenz 600mg, tablets, 30 Tabs",Efavirenz,Generic,600mg,Tablet,30,203,3395.39,16.73,0.56,Hetero Unit III Hyderabad IN,No,Weight Captured Separately,Freight Included in Commodity Cost,4.2
39556,153-NA-T30,FPQ-8072,SCMS-117200,ASN-12163,Namibia,PMO - US,Direct Drop,EXW,Air,7/22/2011,8/3/2011,5-Oct-11,5-Oct-11,5-Oct-11,HRDT,HIV test,"Trinity Biotech, Plc","HIV 1/2, Uni-Gold HIV Kit, 20 Tests","HIV 1/2, Uni-Gold HIV Kit",Uni-Gold,,Test kit,20,750,24000.0,32.0,1.6,"Trinity Biotech, Plc",Yes,248,6654.24,39.6
61282,901-GH-T30,FPQ-14101,SCMS-245420,ASN-28715,Ghana,PMO - US,Direct Drop,EXW,Air,4/30/2014,7/8/2014,21-Nov-14,21-Nov-14,26-Nov-14,ARV,Adult,MYLAN LABORATORIES LTD (FORMERLY MATRIX LABORATORIES),"Efavirenz/Lamivudine/Tenofovir Disoproxil Fumarate 600/300/300mg, tablets, 30 Tabs",Efavirenz/Lamivudine/Tenofovir Disoproxil Fumarate,Generic,600/300/300mg,Tablet - FDC,30,38433,412770.42,10.74,0.36,Mylan (formerly Matrix) Nashik,Yes,4656,31521.65,424.33
86474,110-ZM-T30,FPQ-9472,SO-41710,DN-2661,Zambia,PMO - US,From RDC,N/A - From RDC,Truck,3/8/2012,N/A - From RDC,26-Jul-12,18-Jun-12,18-Jun-12,ARV,Adult,SCMS from RDC,"Efavirenz 600mg, tablets, 30 Tabs",Efavirenz,Generic,600mg,Tablet,30,28452,111247.32,3.91,0.13,"Strides, Bangalore, India.",No,See DN-2661 (ID#:83037),See DN-2661 (ID#:83037),155.97
11345,104-CI-T01,Pre-PQ Process,SO-32230,DN-1359,Côte d'Ivoire,PMO - US,From RDC,N/A - From RDC,Air,Date Not Captured,N/A - From RDC,8-Sep-09,8-Sep-09,8-Sep-09,ARV,Adult,SCMS from RDC,"Zidovudine 300mg, tablets, 60 Tabs",Zidovudine,Generic,300mg,Tablet,60,8000,60240.0,7.53,0.13,Hetero Unit III Hyderabad IN,Yes,452,Freight Included in Commodity Cost,118.07
2481,116-ZA-T01,Pre-PQ Process,SCMS-47500,ASN-4332,South Africa,PMO - US,Direct Drop,DDP,Truck,Pre-PQ Process,4/2/2009,15-May-09,23-Apr-09,23-Apr-09,ARV,Adult,S. BUYS WHOLESALER,"Stavudine 20mg [Zerit], capsules, 60 Caps",Stavudine,Zerit,20mg,Capsule,60,76,300.2,3.95,0.07,"BMS Meymac, France",No,See ASN-4332 (ID#:1115),See ASN-4332 (ID#:1115),0.59
84096,100-BJ-T30,FPQ-7658,SO-39800,DN-2252,Benin,PMO - US,From RDC,N/A - From RDC,Air,5/15/2011,N/A - From RDC,13-Jun-11,5-Jul-11,5-Jul-11,ARV,Adult,SCMS from RDC,"Lamivudine/Stavudine 150/30mg, tablets, 60 Tabs",Lamivudine/Stavudine,Generic,150/30mg,Tablet - FDC,60,8800,28160.0,3.2,0.05,"Cipla, Goa, India",No,See DN-2252 (ID#:84095),See DN-2252 (ID#:84095),46.46
83427,117-ET-T30,FPQ-5450,SO-36650,DN-1827,Ethiopia,PMO - US,From RDC,N/A - From RDC,Air,4/6/2010,N/A - From RDC,2-Jul-10,4-May-10,4-May-10,ARV,Adult,SCMS from RDC,"Zidovudine 300mg, tablets, 60 Tabs",Zidovudine,Generic,300mg,Tablet,60,5000,36050.0,7.21,0.12,"Aurobindo Unit III, India",Yes,276,2211.22,77.72
84899,101-CD-T30,FPQ-13554,SO-47630,DN-3561,"Congo, DRC",PMO - US,From RDC,N/A - From RDC,Air,1/15/2014,N/A - From RDC,30-May-14,19-May-14,26-Jun-14,ARV,Adult,SCMS from RDC,"Lamivudine/Zidovudine 150/300mg, tablets, 60 Tabs",Lamivudine/Zidovudine,Generic,150/300mg,Tablet - FDC,60,2723,18325.79,6.73,0.11,Mylan (formerly Matrix) Nashik,No,See DN-3561 (ID#:82654),See DN-3561 (ID#:82654),18.84
84921,104-CI-T30,FPQ-13142,SO-47130,DN-3655,Côte d'Ivoire,PMO - US,From RDC,N/A - From RDC,Truck,10/22/2013,N/A - From RDC,21-Apr-14,1-May-14,11-Jun-14,ARV,Adult,SCMS from RDC,"Abacavir/Lamivudine 600/300mg, tablets, 30 Tabs",Abacavir/Lamivudine,Generic,600/300mg,Tablet - FDC,30,3709,50145.68,13.52,0.45,"Aurobindo Unit III, India",No,See DN-3655 (ID#:83237),See DN-3655 (ID#:83237),51.55
45977,109-TZ-T30,FPQ-13048,SCMS-210900,ASN-23916,Tanzania,PMO - US,Direct Drop,EXW,Air,10/3/2013,10/28/2013,7-Mar-14,7-Mar-14,15-Mar-14,ARV,Adult,Aurobindo Pharma Limited,"Zidovudine 300mg, tablets, 60 Tabs",Zidovudine,Generic,300mg,Tablet,60,20172,109533.96,5.43,0.09,"Aurobindo Unit III, India",Yes,1104,5765.11,135.49
75729,133-NG-T30,FPQ-7193,SCMS-103110,ASN-11268,Nigeria,PMO - US,Direct Drop,EXW,Air,2/16/2011,3/30/2011,7-Jul-11,7-Jul-11,7-Jul-11,HRDT,HIV test,"Orgenics, Ltd","HIV 1/2, Determine Complete HIV Kit, 100 Tests","HIV 1/2, Determine Complete HIV Kit",Determine,,Test kit,100,2891,257299.0,89.0,0.89,Inverness Japan,Yes,1378,31201.82,424.54
56861,106-HT-T30,FPQ-11065,SCMS-169340,ASN-18201,Haiti,PMO - US,Direct Drop,EXW,Air,11/26/2012,12/12/2012,13-Mar-13,13-Mar-13,13-Mar-13,HRDT,HIV test,"SHANGHAI KEHUA BIOENGINEERING CO.,LTD.  (KHB)","HIV 1/2, SKB Colloidal Gold, Diagnostic Kit, Antibody, 50 Tests","HIV 1/2, Colloidal Gold, Diagnostic Kit, Antibody",Colloidal Gold,,Test kit,1,250,6125.0,24.5,24.5,"KHB Test Kit Facility, Shanghai China",Yes,164,2204.84,7.58
79471,116-ZA-T30,FPQ-13035,SCMS-215370,ASN-24415,South Africa,PMO - US,Direct Drop,DDP,Truck,10/8/2013,12/2/2013,6-Feb-14,6-Feb-14,6-Feb-14,ARV,Adult,S. BUYS WHOLESALER,"Lopinavir/Ritonavir 200/50mg [Aluvia], tablets, 120 Tabs",Lopinavir/Ritonavir,Aluvia,200/50mg,Tablet,120,344,7955.07,23.13,0.19,ABBVIE Ludwigshafen Germany,No,Weight Captured Separately,Freight Included in Commodity Cost,9.84
11306,112-NG-T01,Pre-PQ Process,SO-13470,DN-1079,Nigeria,PMO - US,From RDC,N/A - From RDC,Air,Pre-PQ Process,N/A - From RDC,16-Feb-09,16-Feb-09,16-Feb-09,ARV,Adult,SCMS from RDC,"Efavirenz 600mg, tablets, 30 Tabs",Efavirenz,Generic,600mg,Tablet,30,2063,24178.36,11.72,0.39,"Aurobindo Unit III, India",Yes,176,3680.33,47.39
80399,113-ZW-T30,FPQ-13939,SCMS-240580,ASN-27030,Zimbabwe,PMO - US,Direct Drop,EXW,Air Charter,4/1/2014,5/26/2014,23-Jul-14,23-Jul-14,29-Jul-14,ARV,Adult,Aurobindo Pharma Limited,"Lamivudine/Tenofovir Disoproxil Fumarate 300/300mg, tablets, 30 Tabs",Lamivudine/Tenofovir Disoproxil Fumarate,Generic,300/300mg,Tablet - FDC,30,28899,134380.35,4.65,0.16,"Aurobindo Unit VII, IN",Yes,2846,19557.01,138.14
2158,116-ZA-T01,Pre-PQ Process,SCMS-33320,ASN-3553,South Africa,PMO - US,Direct Drop,DDP,Truck,Pre-PQ Process,Date Not Captured,17-May-09,9-Oct-08,9-Oct-08,ARV,Adult,S. BUYS WHOLESALER,"Saquinavir 200mg [Invirase], capsules, 270 Caps",Saquinavir,Invirase,200mg,Capsule,270,6,424.08,70.68,0.26,Roche Basel,No,Weight Captured Separately,Freight Included in Commodity Cost,0.83
85397,102-BI-T30,FPQ-12065,SO-45150,DN-3284,Burundi,PMO - US,From RDC,N/A - From RDC,Air,4/22/2013,N/A - From RDC,30-Aug-13,27-Aug-13,27-Aug-13,ARV,Adult,SCMS from RDC,"Emtricitabine/Tenofovir Disoproxil Fumarate 200/300mg, tablets, 30 Tabs",Emtricitabine/Tenofovir Disoproxil Fumarate,Generic,200/300mg,Tablet - FDC,30,2562,15551.34,6.07,0.2,"Aurobindo Unit III, India",Yes,240,1634.38,19.24
4818,117-ET-T01,Pre-PQ Process,SCMS-34310,ASN-3234,Ethiopia,PMO - US,Direct Drop,EXW,Air,Pre-PQ Process,11/24/2008,27-Jan-09,27-Jan-09,27-Jan-09,HRDT,HIV test - Ancillary,"Orgenics, Ltd","Capillary Tubes, for Determine, EDTA, 50uL,100 Pcs","HIV, Capillary Tubes, for Determine, EDTA, 50uL,100 Pcs",Determine,,Test kit - Ancillary,100,10000,80000.0,8.0,0.08,Inverness Japan,Yes,400,4856.14,156.8
12896,111-MZ-T01,Pre-PQ Process,SO-32110,DN-1305,Mozambique,PMO - US,From RDC,N/A - From RDC,Air,Date Not Captured,N/A - From RDC,20-Aug-09,20-Aug-09,20-Aug-09,ARV,Adult,SCMS from RDC,"Nevirapine 200mg, tablets, 60 Tabs",Nevirapine,Generic,200mg,Tablet,60,9310,29792.0,3.2,0.05,Hetero Unit III Hyderabad IN,Yes,376,2342.92,58.39
86381,114-UG-T30,FPQ-7162,SO-38810,DN-2191,Uganda,PMO - US,From RDC,N/A - From RDC,Truck,2/14/2011,N/A - From RDC,11-May-11,24-May-11,24-May-11,ARV,Adult,SCMS from RDC,"Nevirapine 200mg, tablets, 60 Tabs",Nevirapine,Generic,200mg,Tablet,60,10500,26355.0,2.51,0.04,"Strides, Bangalore, India.",No,See DN-2191 (ID#:82381),See DN-2191 (ID#:82381),43.49
27067,133-NG-T30,FPQ-12458,SCMS-196570,ASN-21226,Nigeria,PMO - US,Direct Drop,EXW,Air,6/10/2013,7/10/2013,27-Aug-13,27-Aug-13,27-Aug-13,HRDT,HIV test,"CHEMBIO DIAGNOSTIC SYSTEMS, INC.","HIV 1/2, Stat-Pak HIV, Kit, 20 Tests","HIV 1/2, Stat-Pak HIV, Kit",Stat-Pak,,Test kit,20,202,6464.0,32.0,1.6,Chembio Diagnostics Sys. Inc.,Yes,60,624.92,8.0
838,116-ZA-T01,Pre-PQ Process,SCMS-33320,ASN-3553,South Africa,PMO - US,Direct Drop,DDP,Truck,Pre-PQ Process,Date Not Captured,17-May-09,9-Oct-08,9-Oct-08,ARV,Pediatric,S. BUYS WHOLESALER,"Didanosine 100mg [Videx],chewable tablets, 60 Tabs",Didanosine,Videx,100mg,Chewable/dispersible tablet,60,7,91.35,13.05,0.22,"BMS Meymac, France",No,Weight Captured Separately,Freight Included in Commodity Cost,0.18
11348,111-MZ-T01,Pre-PQ Process,SO-26423,DN-1379,Mozambique,PMO - US,From RDC,N/A - From RDC,Truck,Date Not Captured,N/A - From RDC,27-Aug-09,17-Sep-09,17-Sep-09,ARV,Adult,SCMS from RDC,"Lamivudine 150mg, tablets, 60 Tabs",Lamivudine,Generic,150mg,Tablet,60,374,912.56,2.44,0.04,"Aurobindo Unit III, India",Yes,18,1799.88,1.79
76263,116-ZA-T30,FPQ-12522,SCMS-199289,ASN-28034,South Africa,PMO - US,Direct Drop,DDP,Truck,7/11/2013,8/29/2014,29-Aug-14,29-Aug-14,29-Aug-14,ARV,Pediatric,S. BUYS WHOLESALER,"Lopinavir/Ritonavir 100/25mg [Aluvia], tablets, 60 Tabs",Lopinavir/Ritonavir,Generic,100/25mg,Tablet,60,3,19.32,6.44,0.11,ABBVIE Ludwigshafen Germany,No,Weight Captured Separately,Freight Included in Commodity Cost,0.02
85952,113-ZW-T30,FPQ-11002,SO-43700,DN-3084,Zimbabwe,PMO - US,From RDC,N/A - From RDC,Truck,11/16/2012,N/A - From RDC,30-Apr-13,8-Apr-13,8-Apr-13,ARV,Adult,SCMS from RDC,"Nevirapine 200mg, tablets, 60 Tabs",Nevirapine,Generic,200mg,Tablet,60,86515,195523.9,2.26,0.04,Hetero Unit III Hyderabad IN,No,See DN-3084 (ID#:83125),See DN-3084 (ID#:83125),241.86
85971,110-ZM-T30,FPQ-11553,SO-44475,DN-3184,Zambia,PMO - US,From RDC,N/A - From RDC,Truck,1/28/2013,N/A - From RDC,25-Jun-13,29-May-13,29-May-13,ARV,Adult,SCMS from RDC,"Nevirapine 200mg, tablets, 60 Tabs",Nevirapine,Generic,200mg,Tablet,60,96800,223608.0,2.31,0.04,"Cipla, Goa, India",Yes,11808,17650.15,276.6
11434,110-ZM-T01,Pre-PQ Process,SO-942,DN-309,Zambia,PMO - US,From RDC,N/A - From RDC,Air,Pre-PQ Process,N/A - From RDC,21-Aug-07,21-Aug-07,21-Aug-07,ARV,Pediatric,SCMS from RDC,"Nevirapine 10mg/ml, oral suspension, Bottle, 240 ml",Nevirapine,Generic,10mg/ml,Oral suspension,240,10624,65868.8,6.2,0.03,"Aurobindo Unit III, India",Yes,3785,13116,105.39
84349,105-GY-T30,FPQ-13071,SO-46800,DN-3585,Guyana,PMO - US,From RDC,N/A - From RDC,Air,10/9/2013,N/A - From RDC,31-Mar-14,3-Apr-14,6-Jun-14,ARV,Pediatric,SCMS from RDC,"Zidovudine 10mg/ml, oral solution w/syringe, Bottle, 240 ml",Zidovudine,Generic,10mg/ml,Oral solution,240,190,399.0,2.1,0.01,"Aurobindo Unit III, India",No,See DN-3585 (ID#:83223),See DN-3585 (ID#:83223),0.41
58677,101-CD-T30,FPQ-14100,SCMS-239410,ASN-26738,"Congo, DRC",PMO - US,Direct Drop,EXW,Air,4/23/2014,5/20/2014,5-Sep-14,5-Sep-14,16-Sep-14,HRDT,HIV test,"Trinity Biotech, Plc","HIV 1/2, Uni-Gold HIV Kit, 20 Tests","HIV 1/2, Uni-Gold HIV Kit",Uni-Gold,,Test kit,20,7,224.0,32.0,1.6,"Trinity Biotech, Plc",No,See ASN-26738 (ID#:15115),See ASN-26738 (ID#:15115),0.23
75336,108-VN-T30,FPQ-10287,SCMS-156140,ASN-17077,Vietnam,PMO - US,Direct Drop,EXW,Air,7/25/2012,8/14/2012,10-Dec-12,10-Dec-12,10-Dec-12,ARV,Adult,Aurobindo Pharma Limited,"Efavirenz 600mg, tablets, 30 Tabs",Efavirenz,Generic,600mg,Tablet,30,14119,46592.7,3.3,0.11,"Aurobindo Unit III, India",No,See ASN-17077 (ID#:37031),See ASN-17077 (ID#:37031),65.32
84118,104-CI-T30,FPQ-8295,SO-40770,DN-2405,Côte d'Ivoire,PMO - US,From RDC,N/A - From RDC,Truck,8/25/2011,N/A - From RDC,11-Nov-11,31-Oct-11,31-Oct-11,ARV,Adult,SCMS from RDC,"Stavudine 15mg, capsules, 60 Caps",Stavudine,Generic,15mg,Capsule,60,1512,1995.84,1.32,0.02,"Aurobindo Unit III, India",Yes,360,3274.41,3.29
9836,107-RW-T01,Pre-PQ Process,SCMS-25910,ASN-2390,Rwanda,PMO - US,Direct Drop,CIP,Air,Pre-PQ Process,8/6/2008,23-Sep-08,23-Sep-08,23-Sep-08,ARV,Adult,HETERO LABS LIMITED,"Efavirenz 600mg, tablets, 30 Tabs",Efavirenz,Generic,600mg,Tablet,30,83400,931578.0,11.17,0.37,Hetero Unit III Hyderabad IN,Yes,6701,87692.85,1490.52
85250,110-ZM-T30,FPQ-8759,SO-41122,DN-2613,Zambia,PMO - US,From RDC,N/A - From RDC,Truck,11/6/2011,N/A - From RDC,27-Apr-12,16-Apr-12,16-Apr-12,ARV,Adult,SCMS from RDC,"Abacavir 300mg, tablets, 60 Tabs",Abacavir,Generic,300mg,Tablet,60,15000,219450.0,14.63,0.24,Mylan (formerly Matrix) Nashik,Yes,1677,8510.81,307.67
84938,111-MZ-T30,FPQ-13166,SO-47611,DN-3697,Mozambique,PMO - US,From RDC,N/A - From RDC,Truck,10/21/2013,N/A - From RDC,9-Jul-14,18-Jul-14,7-Aug-14,ARV,Adult,SCMS from RDC,"Abacavir/Lamivudine 600/300mg, scored tablets, 30 Tabs",Abacavir/Lamivudine,Generic,600/300mg,Tablet - FDC,30,2555,34543.6,13.52,0.45,Mylan (formerly Matrix) Nashik,Yes,227,227.19,35.51
85506,110-ZM-T30,FPQ-13692,SO-48000,DN-3819,Zambia,PMO - US,From RDC,N/A - From RDC,Truck,2/6/2014,N/A - From RDC,31-Jul-14,23-Jul-14,28-Aug-14,ARV,Adult,SCMS from RDC,"Efavirenz/Lamivudine/Tenofovir Disoproxil Fumarate 600/300/300mg, tablets, 30 Tabs",Efavirenz/Lamivudine/Tenofovir Disoproxil Fumarate,Generic,600/300/300mg,Tablet - FDC,30,352500,3799950.0,10.78,0.36,Hetero Unit III Hyderabad IN,Yes,82137,67855.39,3906.35
84579,106-HT-T30,FPQ-4384,SO-35420,DN-1944,Haiti,PMO - US,From RDC,N/A - From RDC,Air,10/23/2009,N/A - From RDC,1-Aug-10,21-Jul-10,21-Jul-10,ARV,Adult,SCMS from RDC,"Lamivudine/Zidovudine 150/300mg, tablets, 60 Tabs",Lamivudine/Zidovudine,Generic,150/300mg,Tablet - FDC,60,31836,278883.36,8.76,0.15,Mylan (formerly Matrix) Nashik,Yes,2565,25670.1,601.27
41910,102-BI-T30,FPQ-13443,SCMS-223470,ASN-24712,Burundi,PMO - US,Direct Drop,EXW,Air,1/6/2014,2/3/2014,24-Mar-14,24-Mar-14,24-Mar-14,HRDT,HIV test,"Orgenics, Ltd","HIV 1/2, Determine Complete HIV Kit, 100 Tests","HIV 1/2, Determine Complete HIV Kit",Determine,,Test kit,100,675,54000.0,80.0,0.8,"Alere Medical Co., Ltd.",Yes,278,5626.76,55.51
85131,151-NG-T30,FPQ-5023,SO-36542,DN-1945,Nigeria,PMO - US,From RDC,N/A - From RDC,Air Charter,2/10/2010,N/A - From RDC,15-Jul-10,28-Jun-10,28-Jun-10,ARV,Adult,SCMS from RDC,"Lamivudine/Zidovudine 150/300mg, tablets, 60 Tabs",Lamivudine/Zidovudine,Generic,150/300mg,Tablet - FDC,60,15000,131400.0,8.76,0.15,"Aurobindo Unit III, India",Yes,1040,Freight Included in Commodity Cost,283.3
42757,104-CI-T30,FPQ-4698,SCMS-62970,ASN-9989,Côte d'Ivoire,PMO - US,Direct Drop,FCA,Air,12/28/2009,1/15/2010,9-Mar-11,9-Mar-11,9-Mar-11,ARV,Adult,ABBVIE LOGISTICS (FORMERLY ABBOTT LOGISTICS BV),"Ritonavir 100mg [Norvir], film coated tablets, 60 Tabs",Ritonavir,Norvir,100mg,Tablet,60,4014,27495.9,6.85,0.11,ABBVIE Ludwigshafen Germany,Yes,507,4520.66,59.28
84016,151-NG-T30,FPQ-5023,SO-36445,DN-1903,Nigeria,PMO - US,From RDC,N/A - From RDC,Air,2/10/2010,N/A - From RDC,15-Jul-10,28-Jun-10,28-Jun-10,ARV,Adult,SCMS from RDC,"Efavirenz 600mg, tablets, 30 Tabs",Efavirenz,Generic,600mg,Tablet,30,804,3698.4,4.6,0.15,"Aurobindo Unit III, India",Yes,68,Freight Included in Commodity Cost,7.97
6041,104-CI-T01,Pre-PQ Process,SCMS-30430,ASN-2799,Côte d'Ivoire,PMO - US,Direct Drop,EXW,Air,Pre-PQ Process,9/18/2008,5-Dec-08,5-Dec-08,5-Dec-08,HRDT,HIV test,"Orgenics, Ltd","HIV 1/2, Determine HIV Kit, without Lancets, 100 Tests","HIV 1/2, Determine HIV Kit, without Lancets",Determine,,Test kit,100,1174,82180.0,70.0,0.7,Inverness Japan,Yes,268,5243.53,161.07
11974,111-MZ-T01,Pre-PQ Process,SO-17530,DN-1176,Mozambique,PMO - US,From RDC,N/A - From RDC,Air,Pre-PQ Process,N/A - From RDC,20-May-09,20-May-09,20-May-09,ARV,Pediatric,SCMS from RDC,"Efavirenz 200mg, capsule, 90 Caps",Efavirenz,Generic,200mg,Capsule,90,720,10987.2,15.26,0.17,"Aurobindo Unit III, India",No,See DN-1176 (ID#:11973),See DN-1176 (ID#:11973),21.53
52541,108-VN-T30,FPQ-13976,SCMS-236050,ASN-27943,Vietnam,PMO - US,Direct Drop,EXW,Air,4/8/2014,4/30/2014,30-Oct-14,30-Oct-14,4-Nov-14,ARV,Adult,MYLAN LABORATORIES LTD (FORMERLY MATRIX LABORATORIES),"Lamivudine/Nevirapine/Zidovudine 150/200/300mg, tablets, 60 Tabs",Lamivudine/Nevirapine/Zidovudine,Generic,150/300/200mg,Tablet - FDC,60,10000,81000.0,8.1,0.13,Mylan (formerly Matrix) Nashik,No,See ASN-27943 (ID#:13904),See ASN-27943 (ID#:13904),83.27
5678,116-ZA-T01,Pre-PQ Process,SCMS-19800,ASN-1665,South Africa,PMO - US,Direct Drop,DDP,Truck,Pre-PQ Process,2/20/2008,24-Apr-08,24-Apr-08,24-Apr-08,ARV,Adult,S. BUYS WHOLESALER,"Emtricitabine/Tenofovir Disoproxil Fumarate 200/300mg [Truvada], tablets, 30 Tabs",Emtricitabine/Tenofovir Disoproxil Fumarate,Truvada,300/200mg,Tablet - FDC,30,20,723.4,36.17,1.21,"Aspen-OSD, Port Elizabeth, SA",No,Weight Captured Separately,Freight Included in Commodity Cost,1.16
85272,151-NG-T30,FPQ-8952,SO-41257,DN-2706,Nigeria,PMO - US,From RDC,N/A - From RDC,Air Charter,12/8/2011,N/A - From RDC,20-Jun-12,3-Jun-12,3-Jun-12,ARV,Adult,SCMS from RDC,"Lamivudine 150mg, tablets, 60 Tabs",Lamivudine,Generic,150mg,Tablet,60,20000,46600.0,2.33,0.04,"Aurobindo Unit III, India",Yes,2238,17090,65.33
10639,125-HT-T01,Pre-PQ Process,SO-1290,DN-444,Haiti,PMO - US,From RDC,N/A - From RDC,Air,Pre-PQ Process,N/A - From RDC,31-Dec-07,31-Dec-07,31-Dec-07,HRDT,HIV test,SCMS from RDC,"HIV 1/2, Determine HIV Kit, without Lancets, 100 Tests","HIV 1/2, Determine HIV Kit, without Lancets",Determine,,Test kit,100,10,720.0,72.0,0.72,Inverness Japan,Yes,6,2219.44,1.15
59849,113-ZW-T30,FPQ-10041,SCMS-150030,ASN-15987,Zimbabwe,PMO - US,Direct Drop,EXW,Air,6/13/2012,7/2/2012,18-Sep-12,18-Sep-12,18-Sep-12,HRDT,HIV test,"Orgenics, Ltd","HIV 1/2, Determine Complete HIV Kit, 100 Tests","HIV 1/2, Determine Complete HIV Kit",Determine,,Test kit,100,5060,404800.0,80.0,0.8,"Alere Medical Co., Ltd.",No,See ASN-15987 (ID#:42394),See ASN-15987 (ID#:42394),567.53
62801,161-ZA-T30,FPQ-6708,SCMS-93560,ASN-11437,South Africa,PMO - US,Direct Drop,DDP,Ocean,11/26/2010,12/14/2010,15-Sep-11,15-Sep-11,15-Sep-11,ARV,Adult,Aurobindo Pharma Limited,"Tenofovir Disoproxil Fumarate 300mg, tablets, 30 Tabs",Tenofovir Disoproxil Fumarate,Generic,300mg,Tablet,30,86843,577505.95,6.65,0.22,"Aurobindo Unit III, India",Yes,8106,10748.78,952.88
23223,116-ZA-T30,FPQ-12523,SCMS-199315,ASN-27210,South Africa,PMO - US,Direct Drop,DDP,Truck,7/12/2013,7/11/2014,11-Jul-14,11-Jul-14,11-Jul-14,ARV,Pediatric,S. BUYS WHOLESALER,"Atazanavir 150mg [Reyataz], capsules, 60 Caps",Atazanavir,Reyataz,150mg,Capsule,60,2,51.37,25.68,0.43,"BMS Evansville, US",Yes,Weight Captured Separately,Freight Included in Commodity Cost,0.06
82936,114-UG-T30,FPQ-6427,SO-37540,DN-2109,Uganda,PMO - US,From RDC,N/A - From RDC,Truck,9/29/2010,N/A - From RDC,22-Feb-11,28-Feb-11,28-Feb-11,ARV,Adult,SCMS from RDC,"Efavirenz 600mg, tablets, 30 Tabs",Efavirenz,Generic,600mg,Tablet,30,52231,226682.54,4.34,0.14,Hetero Unit III Hyderabad IN,Yes,4447,17711.71,488.73
84022,109-TZ-T30,FPQ-5237,SO-36043,DN-1947,Tanzania,PMO - US,From RDC,N/A - From RDC,Air,3/1/2010,N/A - From RDC,21-Jul-10,21-Jul-10,21-Jul-10,ARV,Adult,SCMS from RDC,"Nevirapine 200mg, tablets, 60 Tabs",Nevirapine,Generic,200mg,Tablet,60,38500,105105.0,2.73,0.05,"Strides, Bangalore, India.",Yes,2695,13457.25,226.61
2305,131-NG-T01,Pre-PQ Process,SCMS-37370,ASN-3497,Nigeria,PMO - US,Direct Drop,CIP,Air,Pre-PQ Process,2/3/2009,8-Apr-09,8-Apr-09,8-Apr-09,ARV,Adult,MERCK SHARP & DOHME IDEA GMBH (FORMALLY MERCK SHARP & DOHME B.V.),"Efavirenz/Emtricitabine/Tenofovir Disoproxil Fumarate 600/200/300mg [Atripla], tablets, 30 Tabs",Efavirenz/Emtricitabine/Tenofovir Disoproxil Fumarate,Atripla,600/200/300mg,Tablet - FDC,30,25000,1260000.0,50.4,1.68,"MSD, Haarlem, NL",Yes,2067,7933.38,2469.6
82395,104-CI-T30,FPQ-7659,SO-40121,DN-2304,Côte d'Ivoire,PMO - US,From RDC,N/A - From RDC,Air,5/3/2011,N/A - From RDC,27-Sep-11,12-Sep-11,12-Sep-11,ARV,Adult,SCMS from RDC,"Lamivudine/Nevirapine/Zidovudine 150/200/300mg, tablets, 60 Tabs",Lamivudine/Nevirapine/Zidovudine,Generic,150/300/200mg,Tablet - FDC,60,160058,1795850.76,11.22,0.19,Mylan (formerly Matrix) Nashik,Yes,26409,60432.88,2963.15
44,110-ZM-T01,Pre-PQ Process,SCMS-139,ASN-130,Zambia,PMO - US,Direct Drop,DDU,Air,Pre-PQ Process,Date Not Captured,8-Jan-07,8-Jan-07,8-Jan-07,ARV,Pediatric,MERCK SHARP & DOHME IDEA GMBH (FORMALLY MERCK SHARP & DOHME B.V.),"Efavirenz 200mg [Stocrin/Sustiva], capsule, 90 Caps",Efavirenz,Stocrin/Sustiva,200mg,Capsule,90,135,4374.0,32.4,0.36,MSD South Granville Australia,Yes,328,Freight Included in Commodity Cost,
79803,133-NG-T30,FPQ-14305,SCMS-240830,ASN-27472,Nigeria,PMO - US,Direct Drop,EXW,Air,5/16/2014,6/2/2014,19-Aug-14,29-Aug-14,4-Sep-14,HRDT,HIV test,"Orgenics, Ltd","HIV 1/2, Determine Complete HIV Kit, 100 Tests","HIV 1/2, Determine Complete HIV Kit",Determine,,Test kit,100,5903,525367.0,89.0,0.89,"Alere Medical Co., Ltd.",Yes,3473,35117.35,540.08
12426,112-NG-T01,Pre-PQ Process,SO-1109,DN-422,Nigeria,PMO - US,From RDC,N/A - From RDC,Air,Pre-PQ Process,N/A - From RDC,9-Nov-07,9-Nov-07,9-Nov-07,ARV,Adult,SCMS from RDC,"Lamivudine/Nevirapine/Stavudine 150/200/30mg, tablets, 60 Tabs",Lamivudine/Nevirapine/Stavudine,Generic,150/200/30mg,Tablet - FDC,60,1246,9345.0,7.5,0.12,"Cipla, Goa, India",No,See DN-422 (ID#:10634),See DN-422 (ID#:10634),14.95
83379,114-UG-T30,FPQ-4275,SO-33860,DN-1522,Uganda,PMO - US,From RDC,N/A - From RDC,Air,9/17/2009,N/A - From RDC,3-Dec-09,30-Nov-09,30-Nov-09,ARV,Adult,SCMS from RDC,"Lamivudine/Nevirapine/Zidovudine 150/200/300mg, tablets, 60 Tabs",Lamivudine/Nevirapine/Zidovudine,Generic,150/300/200mg,Tablet - FDC,60,29254,328229.88,11.22,0.19,Mylan (formerly Matrix) Nashik,No,See DN-1522 (ID#:82845),See DN-1522 (ID#:82845),643.33
14542,161-ZA-T30,FPQ-5303,SCMS-68980,ASN-9647,South Africa,PMO - US,Direct Drop,DDP,Air,3/18/2010,3/19/2010,24-Aug-10,4-Mar-11,4-Mar-11,ARV,Pediatric,Aurobindo Pharma Limited,"Lamivudine 10mg/ml, oral solution w/syringe, Bottle, 240 ml",Lamivudine,Generic,10mg/ml,Oral solution,240,6395,19185.0,3.0,0.01,"Aurobindo Unit III, India",Yes,Weight Captured Separately,Freight Included in Commodity Cost,41.36
12618,111-MZ-T01,Pre-PQ Process,SO-33340,DN-1485,Mozambique,PMO - US,From RDC,N/A - From RDC,Air,Date Not Captured,N/A - From RDC,13-Nov-09,13-Nov-09,13-Nov-09,ARV,Adult,SCMS from RDC,"Stavudine 30mg, capsules, 60 Caps",Stavudine,Generic,30mg,Capsule,60,945,1408.05,1.49,0.02,"Aurobindo Unit III, India",Yes,62,1074.8,3.04
4459,108-VN-T01,Pre-PQ Process,SCMS-23380,ASN-2524,Vietnam,PMO - US,Direct Drop,CIP,Air,Pre-PQ Process,5/13/2008,30-Sep-08,30-Sep-08,30-Sep-08,ARV,Pediatric,BRISTOL-MYERS SQUIBB,"Didanosine 25mg [Videx], chewable tablets, 60 Tabs",Didanosine,Videx,25mg,Chewable/dispersible tablet,60,400,2800.0,7.0,0.12,"BMS Meymac, France",Yes,81,2035.66,4.48
36596,116-ZA-T30,FPQ-14942,SCMS-259077,ASN-33477,South Africa,PMO - US,Direct Drop,DDP,Truck,9/11/2014,10/9/2014,24-Jul-15,24-Jul-15,24-Jul-15,ARV,Adult,PHARMACY DIRECT,"Efavirenz 600mg, tablets, 30 Tabs",Efavirenz,Generic,600mg,Tablet,30,39,439.52,11.27,0.38,"Aurobindo Unit III, India",No,Weight Captured Separately,Freight Included in Commodity Cost,0.45
83182,104-CI-T30,FPQ-12800,SO-46360,DN-3418,Côte d'Ivoire,PMO - US,From RDC,N/A - From RDC,Air,8/9/2013,N/A - From RDC,16-Dec-13,2-Dec-13,20-Dec-13,ARV,Pediatric,SCMS from RDC,"Zidovudine 10mg/ml, oral solution w/syringe, Bottle, 240 ml",Zidovudine,Generic,10mg/ml,Oral solution,240,2133,4479.3,2.1,0.01,"Aurobindo Unit III, India",Yes,1784,4017.69,5.54
20219,108-VN-T30,FPQ-10286,SCMS-156310,ASN-17176,Vietnam,PMO - US,Direct Drop,EXW,Air,7/25/2012,8/15/2012,14-Dec-12,14-Dec-12,14-Dec-12,ARV,Adult,HETERO LABS LIMITED,"Lamivudine/Zidovudine 150/300mg, tablets, 60 Tabs",Lamivudine/Zidovudine,Generic,150/300mg,Tablet - FDC,60,10158,71918.64,7.08,0.12,Hetero Unit III Hyderabad IN,Yes,941,1934.17,100.83
27765,114-UG-T30,FPQ-14407,SCMS-244520,ASN-26987,Uganda,PMO - US,Direct Drop,EXW,Air,6/11/2014,6/19/2014,1-Aug-14,1-Aug-14,4-Aug-14,ARV,Adult,STRIDES ARCOLAB LIMITED,"Efavirenz 600mg, tablets, 30 Tabs",Efavirenz,Generic,600mg,Tablet,30,61150,195068.5,3.19,0.11,"Strides, Bangalore, India.",Yes,3858,20553.85,200.53
85862,151-NG-T30,FPQ-8952,SO-41255,DN-2684,Nigeria,PMO - US,From RDC,N/A - From RDC,Air Charter,12/8/2011,N/A - From RDC,4-Jul-12,3-Jun-12,3-Jun-12,ARV,Adult,SCMS from RDC,"Lamivudine/Nevirapine/Zidovudine 150/200/300mg, tablets, 60 Tabs",Lamivudine/Nevirapine/Zidovudine,Generic,150/300/200mg,Tablet - FDC,60,3479,35798.91,10.29,0.17,Mylan (formerly Matrix) Nashik,No,See DN-2684 (ID#:82479),See DN-2684 (ID#:82479),50.19
86386,110-ZM-T30,FPQ-7232,SO-39020,DN-2226,Zambia,PMO - US,From RDC,N/A - From RDC,Air,3/1/2011,N/A - From RDC,11-May-11,13-Jun-11,13-Jun-11,ARV,Pediatric,SCMS from RDC,"Nevirapine 10mg/ml, oral suspension, Bottle, 240 ml",Nevirapine,Generic,10mg/ml,Oral suspension,240,10000,18000.0,1.8,0.01,"Aurobindo Unit III, India",Yes,3637,9499.46,29.7
86802,111-MZ-T30,FPQ-15195,SO-50130,DN-4235,Mozambique,PMO - US,From RDC,N/A - From RDC,Truck,10/17/2014,N/A - From RDC,29-May-15,9-Jun-15,15-Jun-15,ARV,Adult,SCMS from RDC,"Lamivudine/Nevirapine/Zidovudine 150/200/300mg, tablets, 60 Tabs",Lamivudine/Nevirapine/Zidovudine,Generic,150/300/200mg,Tablet - FDC,60,300000,2316000.0,7.72,0.13,Hetero Unit III Hyderabad IN,Yes,39688,28277.42,2725.93
85584,102-BI-T30,FPQ-15406,SO-50290,DN-4210,Burundi,PMO - US,From RDC,N/A - From RDC,Air,11/19/2014,N/A - From RDC,30-Jun-15,22-Apr-15,23-Apr-15,ARV,Pediatric,SCMS from RDC,"Lamivudine/Zidovudine 30/60mg, dispersible tablets, 60 Tabs",Lamivudine/Zidovudine,Generic,30/60mg,Chewable/dispersible tablet - FDC,60,164,314.88,1.92,0.03,"Cipla, Goa, India",No,See DN-4210 (ID#:83906),See DN-4210 (ID#:83906),0.37
11710,112-NG-T01,Pre-PQ Process,SO-342,DN-94,Nigeria,PMO - US,From RDC,N/A - From RDC,,Pre-PQ Process,N/A - From RDC,17-Apr-07,17-Apr-07,17-Apr-07,ARV,Adult,SCMS from RDC,"Lamivudine/Zidovudine+Nevirapine 150/300+200mg, tablets, co-blister, 60+60 Tabs",Lamivudine/Zidovudine+Nevirapine,Generic,150/300+200mg,Tablet - FDC + co-blister,120,2703,55411.5,20.5,0.17,"Aspen-OSD, Port Elizabeth, SA",Yes,401,2208,
72586,111-MZ-T30,FPQ-8527,SCMS-130161,ASN-14527,Mozambique,PMO - US,Direct Drop,EXW,Ocean,10/5/2011,4/9/2012,20-Aug-12,20-Aug-12,20-Aug-12,HRDT,HIV test,"Orgenics, Ltd","HIV 1/2, Determine Complete HIV Kit, 100 Tests","HIV 1/2, Determine Complete HIV Kit",Determine,,Test kit,100,7882,630560.0,80.0,0.8,"Alere Medical Co., Ltd.",Yes,3757,15105.99,1040.42
22280,116-ZA-T30,FPQ-12522,SCMS-199283,ASN-27979,South Africa,PMO - US,Direct Drop,DDP,Truck,7/11/2013,8/27/2014,27-Aug-14,27-Aug-14,27-Aug-14,ARV,Adult,S. BUYS WHOLESALER,"Lamivudine 150mg, tablets, 60 Tabs",Lamivudine,Generic,150mg,Tablet,60,183,1802.16,9.85,0.16,Hetero Unit III Hyderabad IN,No,Weight Captured Separately,Freight Included in Commodity Cost,2.23
64369,103-ZW-T30,FPQ-13969,SCMS-239180,ASN-29540,Zimbabwe,PMO - US,Direct Drop,FCA,Air,4/8/2014,5/15/2014,12-Jan-15,12-Jan-15,12-Jan-15,ARV,Pediatric,ABBVIE LOGISTICS (FORMERLY ABBOTT LOGISTICS BV),"Lopinavir/Ritonavir 100/25mg [Aluvia], tablets, 60 Tabs",Lopinavir/Ritonavir,Generic,100/25mg,Tablet,60,9253,54962.82,5.94,0.1,ABBVIE Ludwigshafen Germany,Yes,1065,11368.84,56.5
53625,114-UG-T30,FPQ-8498,SCMS-126380,ASN-13697,Uganda,PMO - US,Direct Drop,CIP,Air,10/18/2011,11/2/2011,14-Feb-12,14-Feb-12,14-Feb-12,ARV,Adult,MERCK SHARP & DOHME IDEA GMBH (FORMALLY MERCK SHARP & DOHME B.V.),"Raltegravir 400mg [Isentress], tablets, 60 Tabs",Raltegravir,Isentress,400mg,Tablet,60,231,21136.5,91.5,1.52,"MSD, Haarlem, NL",Yes,23,250,34.88
83885,151-NG-T30,FPQ-14156,SO-48909,DN-4123,Nigeria,PMO - US,From RDC,N/A - From RDC,Air Charter,4/25/2014,N/A - From RDC,2-Mar-15,5-Feb-15,10-Feb-15,ARV,Adult,SCMS from RDC,"Lamivudine/Zidovudine 150/300mg, tablets, 60 Tabs",Lamivudine/Zidovudine,Generic,150/300mg,Tablet - FDC,60,164867,1088122.2,6.6,0.11,Mylan (formerly Matrix) Nashik,Yes,14794,34099.18,1118.59
56668,108-VN-T30,FPQ-7898,SCMS-113680,ASN-12291,Vietnam,PMO - US,Direct Drop,EXW,Air,6/27/2011,7/8/2011,24-Oct-11,24-Oct-11,24-Oct-11,ARV,Adult,HETERO LABS LIMITED,"Lamivudine/Zidovudine 150/300mg, tablets, 60 Tabs",Lamivudine/Zidovudine,Generic,150/300mg,Tablet - FDC,60,8245,67609.0,8.2,0.14,Hetero Unit III Hyderabad IN,Yes,759,7261.69,111.55
42980,117-ET-T30,FPQ-9210,SCMS-134760,ASN-14231,Ethiopia,PMO - US,Direct Drop,EXW,Air,1/18/2012,1/23/2012,2-Apr-12,2-Apr-12,2-Apr-12,HRDT,HIV test,"SHANGHAI KEHUA BIOENGINEERING CO.,LTD.  (KHB)","HIV 1/2, SKB Colloidal Gold, Diagnostic Kit, Antibody, 50 Tests","HIV 1/2, Colloidal Gold, Diagnostic Kit, Antibody",Colloidal Gold,,Test kit,1,924,22638.0,24.5,24.5,"KHB Test Kit Facility, Shanghai China",Yes,656,6488.44,31.74
86453,109-TZ-T30,FPQ-8297,SO-40612,DN-2543,Tanzania,PMO - US,From RDC,N/A - From RDC,Truck,8/22/2011,N/A - From RDC,30-Mar-12,14-Feb-12,14-Feb-12,ARV,Adult,SCMS from RDC,"Lamivudine/Zidovudine 150/300mg, tablets, 60 Tabs",Lamivudine/Zidovudine,Generic,150/300mg,Tablet - FDC,60,233630,1929783.8,8.26,0.14,"Aurobindo Unit III, India",Yes,21394,13590.64,3184.14
86515,111-MZ-T30,FPQ-10210,SO-42841,DN-2863,Mozambique,PMO - US,From RDC,N/A - From RDC,Truck,6/28/2012,N/A - From RDC,30-Oct-12,10-Oct-12,10-Oct-12,ARV,Adult,SCMS from RDC,"Lamivudine/Nevirapine/Zidovudine 150/200/300mg, tablets, 60 Tabs",Lamivudine/Nevirapine/Zidovudine,Generic,150/300/200mg,Tablet - FDC,60,49999,490490.19,9.81,0.16,Hetero Unit III Hyderabad IN,No,See DN-2863 (ID#:85307),See DN-2863 (ID#:85307),687.67
37775,116-ZA-T30,FPQ-3596,SCMS-50372,ASN-6124,South Africa,PMO - US,Direct Drop,DDP,Truck,5/7/2009,9/22/2009,27-Jan-10,27-Jan-10,27-Jan-10,ARV,Adult,S. BUYS WHOLESALER,"Stavudine 30mg, capsules, 60 Caps",Stavudine,Generic,30mg,Capsule,60,8000,36968.24,4.62,0.08,"Aurobindo Unit III, India",Yes,Weight Captured Separately,Freight Included in Commodity Cost,72.46
459,116-ZA-T01,Pre-PQ Process,SCMS-21460,ASN-1667,South Africa,PMO - US,Direct Drop,DDP,,Pre-PQ Process,4/4/2008,25-Apr-08,7-Apr-08,7-Apr-08,ARV,Pediatric,S. BUYS WHOLESALER,"Didanosine 25mg [Videx], chewable tablets, 60 Tabs",Didanosine,Videx,25mg,Chewable/dispersible tablet,60,6,77.1,12.85,0.21,"BMS Meymac, France",Yes,Weight Captured Separately,Freight Included in Commodity Cost,0.12
73727,114-UG-T30,FPQ-15303,SCMS-264960,ASN-31187,Uganda,PMO - US,Direct Drop,EXW,Air,11/11/2014,11/25/2014,8-Apr-15,8-Apr-15,8-Apr-15,ARV,Adult,EMCURE PHARMACEUTICALS LTD,"Atazanavir/Ritonavir 300/100mg, tablets, 30 Tabs",Atazanavir/Ritonavir,Generic,300/100mg,Tablet,30,1776,31968.0,18.0,0.6,"Emcure Plot No.P-2, I.T-B.T. Park, Phase II, MIDC, Hinjwadi, Pune, India",Yes,237,1794.89,37.63
22073,108-VN-T30,FPQ-10287,SCMS-155710,ASN-17021,Vietnam,PMO - US,Direct Drop,FCA,Air,7/25/2012,8/14/2012,21-Dec-12,21-Dec-12,21-Dec-12,ARV,Adult,ABBVIE LOGISTICS (FORMERLY ABBOTT LOGISTICS BV),"Lopinavir/Ritonavir 200/50mg [Aluvia], tablets, 120 Tabs",Lopinavir/Ritonavir,Aluvia,200/50mg,Tablet,120,5188,315534.16,60.82,0.51,ABBVIE Ludwigshafen Germany,Yes,1138,3622.58,442.38
84775,104-CI-T30,FPQ-9749,SO-42373,DN-2954,Côte d'Ivoire,PMO - US,From RDC,N/A - From RDC,Truck,4/19/2012,N/A - From RDC,31-Dec-12,6-Dec-12,6-Dec-12,ARV,Adult,SCMS from RDC,"Efavirenz 600mg, tablets, 30 Tabs",Efavirenz,Generic,600mg,Tablet,30,7640,27809.6,3.64,0.12,"Aurobindo Unit III, India",No,See DN-2954 (ID#:82534),See DN-2954 (ID#:82534),38.99
52258,104-CI-T30,FPQ-13629,SCMS-228920,ASN-29320,Côte d'Ivoire,PMO - US,Direct Drop,EXW,Air,1/31/2014,3/3/2014,4-Dec-14,4-Dec-14,8-Dec-14,ARV,Adult,MYLAN LABORATORIES LTD (FORMERLY MATRIX LABORATORIES),"Atazanavir/Ritonavir 300/100mg, tablets, 30 Tabs",Atazanavir/Ritonavir,Generic,300/100mg,Tablet,30,2500,50000.0,20.0,0.67,Mylan (formerly Matrix) Nashik,Yes,343,3978.49,51.4
52706,108-VN-T30,FPQ-9001,SCMS-131690,ASN-14517,Vietnam,PMO - US,Direct Drop,EXW,Air,12/15/2011,1/16/2012,16-May-12,16-May-12,16-May-12,ARV,Adult,MYLAN LABORATORIES LTD (FORMERLY MATRIX LABORATORIES),"Efavirenz/Lamivudine/Tenofovir Disoproxil Fumarate 600/300/300mg, tablets, 30 Tabs",Efavirenz/Lamivudine/Tenofovir Disoproxil Fumarate,Generic,600/300/300mg,Tablet - FDC,30,42392,597727.2,14.1,0.47,Mylan (formerly Matrix) Nashik,No,See ASN-14517 (ID#:44737),See ASN-14517 (ID#:44737),838.01
82434,101-CD-T30,FPQ-8840,SO-41134,DN-2496,"Congo, DRC",PMO - US,From RDC,N/A - From RDC,Air,11/21/2011,N/A - From RDC,16-Mar-12,14-Feb-12,14-Feb-12,ARV,Adult,SCMS from RDC,"Lamivudine/Nevirapine/Zidovudine 150/200/300mg, tablets, 60 Tabs",Lamivudine/Nevirapine/Zidovudine,Generic,150/300/200mg,Tablet - FDC,60,54,594.0,11.0,0.18,Mylan (formerly Matrix) Nashik,Yes,Weight Captured Separately,Invoiced Separately,0.83
79361,116-ZA-T30,FPQ-12522,SCMS-199289,ASN-28036,South Africa,PMO - US,Direct Drop,DDP,Truck,7/11/2013,8/29/2014,29-Aug-14,29-Aug-14,29-Aug-14,ARV,Pediatric,S. BUYS WHOLESALER,"Efavirenz 200mg, capsule, 90 Caps",Efavirenz,Generic,200mg,Capsule,90,75,1952.27,26.03,0.29,"Aurobindo Unit III, India",No,Weight Captured Separately,Freight Included in Commodity Cost,2.41
7735,116-ZA-T01,Pre-PQ Process,SCMS-41190,ASN-3732,South Africa,PMO - US,Direct Drop,DDP,Air,Pre-PQ Process,Date Not Captured,30-Mar-09,21-Jan-09,21-Jan-09,ARV,Pediatric,S. BUYS WHOLESALER,"Lamivudine 10mg/ml [Epivir], oral solution, Bottle, 240 ml",Lamivudine,Epivir,10mg/ml,Oral solution,240,350,1781.5,5.09,0.02,GSK Mississauga (Canada),No,Weight Captured Separately,Freight Included in Commodity Cost,3.49
85825,104-CI-T30,FPQ-8295,SO-40792,DN-2531,Côte d'Ivoire,PMO - US,From RDC,N/A - From RDC,Truck,8/25/2011,N/A - From RDC,29-Feb-12,8-Feb-12,8-Feb-12,ARV,Pediatric,SCMS from RDC,"Didanosine 200mg, delayed-release capsules, 30 Caps",Didanosine,Generic,200mg,Delayed-release capsules,30,650,7150.0,11.0,0.37,"Aurobindo Unit III, India",Yes,61,1572.97,11.8
86362,151-NG-T30,FPQ-6243,SO-38320,DN-2090,Nigeria,PMO - US,From RDC,N/A - From RDC,Air Charter,8/25/2010,N/A - From RDC,22-Feb-11,16-Feb-11,16-Feb-11,ARV,Adult,SCMS from RDC,"Lamivudine/Nevirapine/Stavudine 150/200/30mg, tablets, 60 Tabs",Lamivudine/Nevirapine/Stavudine,Generic,150/200/30mg,Tablet - FDC,60,1000,5560.0,5.56,0.09,"Strides, Bangalore, India.",No,See DN-2090 (ID#:82366),See DN-2090 (ID#:82366),11.99
56084,110-ZM-T30,FPQ-12252,SCMS-189240,ASN-20477,Zambia,PMO - US,Direct Drop,EXW,Air,5/2/2013,5/22/2013,5-Aug-13,31-Jul-13,31-Jul-13,HRDT,HIV test,"Orgenics, Ltd","HIV 1/2, Determine Complete HIV Kit, 100 Tests","HIV 1/2, Determine Complete HIV Kit",Determine,,Test kit,100,2929,234320.0,80.0,0.8,"Alere Medical Co., Ltd.",Yes,1214,18875.83,289.85
19873,116-ZA-T30,FPQ-14942,SCMS-259078,ASN-33470,South Africa,PMO - US,Direct Drop,DDP,Truck,9/11/2014,10/9/2014,24-Jul-15,24-Jul-15,24-Jul-15,ARV,Adult,PHARMACY DIRECT,"Nevirapine 200mg, tablets, 60 Tabs",Nevirapine,Generic,200mg,Tablet,60,23,315.96,13.74,0.23,"Aurobindo Unit III, India",No,Weight Captured Separately,Freight Included in Commodity Cost,0.32
73724,106-HT-T30,FPQ-14895,SCMS-261013,ASN-33599,Haiti,PMO - US,Direct Drop,EXW,Air,9/24/2014,11/14/2014,2-Sep-15,2-Sep-15,3-Sep-15,ARV,Adult,EMCURE PHARMACEUTICALS LTD,"Atazanavir/Ritonavir 300/100mg, tablets, 30 Tabs",Atazanavir/Ritonavir,Generic,300/100mg,Tablet,30,3320,59760.0,18.0,0.6,"Emcure Plot No.P-2, I.T-B.T. Park, Phase II, MIDC, Hinjwadi, Pune, India",Yes,Weight Captured Separately,Invoiced Separately,61.43
52736,105-GH-T30,FPQ-13872,SCMS-235800,ASN-26460,Ghana,PMO - US,Direct Drop,EXW,Air,3/24/2014,4/23/2014,17-Jul-14,17-Jul-14,17-Jul-14,ARV,Adult,STRIDES ARCOLAB LIMITED,"Efavirenz 600mg, tablets, 30 Tabs",Efavirenz,Generic,600mg,Tablet,30,47716,152214.04,3.19,0.11,"Strides, Bangalore, India.",Yes,3077,22734.92,156.48
7779,116-ZA-T01,Pre-PQ Process,SCMS-47430,ASN-4244,South Africa,PMO - US,Direct Drop,DDP,Truck,Pre-PQ Process,4/2/2009,15-May-09,17-Apr-09,17-Apr-09,ARV,Adult,S. BUYS WHOLESALER,"Nevirapine 200mg [Viramune], tablets, 60 Tabs",Nevirapine,Viramune,200mg,Tablet,60,300,5031.0,16.77,0.28,"Boehringer Ing., Koropi, GR",No,Weight Captured Separately,Freight Included in Commodity Cost,9.86
12844,113-ZW-T01,Pre-PQ Process,SO-18100,DN-1115,Zimbabwe,PMO - US,From RDC,N/A - From RDC,Truck,Pre-PQ Process,N/A - From RDC,6-Apr-09,6-Apr-09,6-Apr-09,ARV,Adult,SCMS from RDC,"Efavirenz 600mg, tablets, 30 Tabs",Efavirenz,Generic,600mg,Tablet,30,4000,48040.0,12.01,0.4,"Aurobindo Unit III, India",No,See DN-1115 (ID#:11008),See DN-1115 (ID#:11008),94.16
44737,108-VN-T30,FPQ-9001,SCMS-131690,ASN-14517,Vietnam,PMO - US,Direct Drop,EXW,Air,12/15/2011,1/16/2012,16-May-12,16-May-12,16-May-12,ARV,Adult,MYLAN LABORATORIES LTD (FORMERLY MATRIX LABORATORIES),"Tenofovir Disoproxil Fumarate 300mg, tablets, 30 Tabs",Tenofovir Disoproxil Fumarate,Generic,300mg,Tablet,30,20142,99702.9,4.95,0.16,Mylan (formerly Matrix) Nashik,Yes,6142,13850.65,139.78
58947,113-ZW-T30,FPQ-13939,SCMS-240570,ASN-27585,Zimbabwe,PMO - US,Direct Drop,EXW,Air Charter,4/1/2014,5/27/2014,17-Sep-14,17-Sep-14,19-Sep-14,ARV,Adult,HETERO LABS LIMITED,"Lamivudine/Tenofovir Disoproxil Fumarate 300/300mg, tablets, 30 Tabs",Lamivudine/Tenofovir Disoproxil Fumarate,Generic,300/300mg,Tablet - FDC,30,42032,194187.84,4.62,0.15,Hetero Unit III Hyderabad IN,Yes,4559,25272.8,199.63
77712,109-TZ-T30,FPQ-6925,SCMS-97140,ASN-10066,Tanzania,PMO - US,Direct Drop,EXW,Air,12/27/2010,2/2/2011,14-Apr-11,14-Apr-11,14-Apr-11,HRDT,HIV test,"Orgenics, Ltd","HIV 1/2, Determine Complete HIV Kit, 100 Tests","HIV 1/2, Determine Complete HIV Kit",Determine,,Test kit,100,30,2400.0,80.0,0.8,Inverness Japan,Yes,14,1489.33,3.96
83602,107-RW-T30,FPQ-9888,SO-42101,DN-2736,Rwanda,PMO - US,From RDC,N/A - From RDC,Air,5/11/2012,N/A - From RDC,3-Sep-12,12-Jul-12,12-Jul-12,ARV,Adult,SCMS from RDC,"Lamivudine/Tenofovir Disoproxil Fumarate 300/300mg, tablets, 30 Tabs",Lamivudine/Tenofovir Disoproxil Fumarate,Generic,300/300mg,Tablet - FDC,30,35000,193900.0,5.54,0.18,Mylan (formerly Matrix) Nashik,Yes,2657,14332,271.85
83061,900-UG-T30,FPQ-10048,SO-42570,DN-2781,Uganda,PMO - US,From RDC,N/A - From RDC,Air,6/6/2012,N/A - From RDC,30-Oct-12,30-Oct-12,30-Oct-12,ARV,Adult,SCMS from RDC,"Lamivudine/Tenofovir Disoproxil Fumarate 300/300mg, tablets, 30 Tabs",Lamivudine/Tenofovir Disoproxil Fumarate,Generic,300/300mg,Tablet - FDC,30,20000,110800.0,5.54,0.18,"Aurobindo Unit VII, IN",Yes,8996,43098.9,155.34
32059,101-CD-T30,FPQ-14100,SCMS-239410,ASN-26738,"Congo, DRC",PMO - US,Direct Drop,EXW,Air,4/23/2014,5/20/2014,5-Sep-14,5-Sep-14,16-Sep-14,HRDT,HIV test,"Trinity Biotech, Plc","HIV 1/2, Uni-Gold HIV Kit, 20 Tests","HIV 1/2, Uni-Gold HIV Kit",Uni-Gold,,Test kit,20,30,960.0,32.0,1.6,"Trinity Biotech, Plc",No,See ASN-26738 (ID#:15115),See ASN-26738 (ID#:15115),0.99
10843,110-ZM-T01,Pre-PQ Process,SO-314,DN-270,Zambia,PMO - US,From RDC,N/A - From RDC,,Pre-PQ Process,N/A - From RDC,7-Aug-07,7-Aug-07,7-Aug-07,ARV,Adult,SCMS from RDC,"Nevirapine 200mg, tablets, 60 Tabs",Nevirapine,Generic,200mg,Tablet,60,52865,188728.05,3.57,0.06,"Aurobindo Unit III, India",Yes,9182,37695.46,301.96
73089,105-GY-T30,FPQ-10249,SCMS-153870,ASN-17103,Guyana,PMO - US,Direct Drop,EXW,Air,7/5/2012,7/26/2012,21-Nov-12,21-Nov-12,21-Nov-12,HRDT,HIV test,"CHEMBIO DIAGNOSTIC SYSTEMS, INC.","HIV 1/2, Stat-Pak HIV, Kit, 20 Tests","HIV 1/2, Stat-Pak HIV, Kit",Stat-Pak,,Test kit,20,6,174.0,29.0,1.45,Chembio Diagnostics Sys. Inc.,Yes,2,297,0.24
34965,116-ZA-T30,FPQ-11828,SCMS-183950,ASN-19165,South Africa,South Africa Field Office,Direct Drop,DDP,Truck,3/18/2013,Date Not Captured,15-Apr-13,15-Apr-13,15-Apr-13,ARV,Pediatric,S. BUYS WHOLESALER,"Lamivudine 10mg/ml, oral solution, Bottle, 240 ml",Lamivudine,Generic,10mg/ml,Oral solution,240,25,184.76,7.39,0.03,"Cipla, Goa, India",Yes,Weight Captured Separately,Freight Included in Commodity Cost,0.23
84002,113-ZW-T30,FPQ-4688,SO-35900,DN-1830,Zimbabwe,PMO - US,From RDC,N/A - From RDC,Air,12/8/2009,N/A - From RDC,28-May-10,31-May-10,31-May-10,ARV,Adult,SCMS from RDC,"Lamivudine/Nevirapine/Stavudine 150/200/30mg, tablets, 60 Tabs",Lamivudine/Nevirapine/Stavudine,Generic,150/200/30mg,Tablet - FDC,60,298,1743.3,5.85,0.1,"Cipla, Goa, India",Yes,31,3833.17,3.76
82293,110-ZM-T30,FPQ-4273,SO-33690,DN-1643,Zambia,PMO - US,From RDC,N/A - From RDC,Truck,9/17/2009,N/A - From RDC,15-Mar-10,5-Mar-10,5-Mar-10,ARV,Adult,SCMS from RDC,"Lamivudine/Nevirapine/Stavudine 150/200/30mg, tablets, 60 Tabs",Lamivudine/Nevirapine/Stavudine,Generic,150/200/30mg,Tablet - FDC,60,58097,375887.59,6.47,0.11,"Cipla, Goa, India",Yes,19451,16898.2,736.74
12424,112-NG-T01,Pre-PQ Process,SO-1221,DN-409,Nigeria,PMO - US,From RDC,N/A - From RDC,Air,Pre-PQ Process,N/A - From RDC,16-Nov-07,16-Nov-07,16-Nov-07,ARV,Adult,SCMS from RDC,"Efavirenz 600mg, tablets, 30 Tabs",Efavirenz,Generic,600mg,Tablet,30,1200,14904.0,12.42,0.41,"Aurobindo Unit III, India",No,See DN-409 (ID#:10903),See DN-409 (ID#:10903),23.85
27461,116-ZA-T30,FPQ-14942,SCMS-259071,ASN-29596,South Africa,PMO - US,Direct Drop,DDP,Truck,9/11/2014,11/28/2014,28-Nov-14,28-Nov-14,28-Nov-14,ARV,Adult,PHARMACY DIRECT,"Raltegravir 400mg [Isentress], tablets, 60 Tabs",Raltegravir,Isentress,400mg,Tablet,60,45,2752.41,61.16,1.02,"MSD, Haarlem, NL",Yes,Weight Captured Separately,Freight Included in Commodity Cost,2.83
10908,114-UG-T01,Pre-PQ Process,SO-1300,DN-435,Uganda,PMO - US,From RDC,N/A - From RDC,Air,Pre-PQ Process,N/A - From RDC,10-Dec-07,10-Dec-07,10-Dec-07,ARV,Adult,SCMS from RDC,"Emtricitabine/Tenofovir Disoproxil Fumarate 200/300mg [Truvada], tablets, 30 Tabs",Emtricitabine/Tenofovir Disoproxil Fumarate,Truvada,300/200mg,Tablet - FDC,30,42,1102.5,26.25,0.88,Gilead(Nycomed) Oranienburg DE,Yes,464,3393,1.76
38955,133-NG-T30,FPQ-16302,SCMS-287610,ASN-32234,Nigeria,PMO - US,Direct Drop,EXW,Air,5/4/2015,5/12/2015,12-Jun-15,12-Jun-15,12-Jun-15,HRDT,HIV test,"Trinity Biotech, Plc","HIV 1/2, Uni-Gold HIV Kit, 20 Tests","HIV 1/2, Uni-Gold HIV Kit",Uni-Gold,,Test kit,20,12485,399520.0,32.0,1.6,"Trinity Biotech, Plc",Yes,3655,25636.67,470.24
83762,111-MZ-T30,FPQ-12416,SO-45897,DN-3535,Mozambique,PMO - US,From RDC,N/A - From RDC,Truck,6/28/2013,N/A - From RDC,31-Jan-14,19-Feb-14,19-Mar-14,ARV,Adult,SCMS from RDC,"Lamivudine/Nevirapine/Zidovudine 150/200/300mg, tablets, 60 Tabs",Lamivudine/Nevirapine/Zidovudine,Generic,150/300/200mg,Tablet - FDC,60,145400,1247532.0,8.58,0.14,Mylan (formerly Matrix) Nashik,Yes,10673,15392.43,1543.2
78303,104-CI-T30,FPQ-8327,SCMS-123880,ASN-14080,Côte d'Ivoire,PMO - US,Direct Drop,CIP,Air,9/8/2011,9/30/2011,10-Apr-12,10-Apr-12,10-Apr-12,ARV,Pediatric,MERCK SHARP & DOHME IDEA GMBH (FORMALLY MERCK SHARP & DOHME B.V.),"Efavirenz 30mg/ml [Stocrin/Sustiva], oral solution, Bottle, 180 ml",Efavirenz,Stocrin/Sustiva,30mg/ml,Oral solution,180,2052,34801.92,16.96,0.09,"MSD, Haarlem, NL",Yes,605,1416.03,57.42
7467,117-ET-T01,Pre-PQ Process,SCMS-32630,ASN-3154,Ethiopia,PMO - US,Direct Drop,EXW,Air,Pre-PQ Process,10/27/2008,26-Jan-09,26-Jan-09,26-Jan-09,HRDT,HIV test,"SHANGHAI KEHUA BIOENGINEERING CO.,LTD.  (KHB)","HIV 1/2, SKB Colloidal Gold, Diagnostic Kit, Antibody, 50 Tests","HIV 1/2, Colloidal Gold, Diagnostic Kit, Antibody",Colloidal Gold,,Test kit,1,3510,80730.0,23.0,23.0,"KHB Test Kit Facility, Shanghai China",Yes,2535,20083.74,158.23
83318,103-ZW-T30,FPQ-13967,SO-48430,DN-4160,Zimbabwe,PMO - US,From RDC,N/A - From RDC,Truck,4/2/2014,N/A - From RDC,31-Mar-15,17-Mar-15,19-Mar-15,ARV,Pediatric,SCMS from RDC,"Lamivudine/Zidovudine 30/60mg, dispersible tablets, 60 Tabs",Lamivudine/Zidovudine,Generic,30/60mg,Chewable/dispersible tablet - FDC,60,12080,23556.0,1.95,0.03,"Mylan,  H-12 & H-13, India",Yes,10314,12867.46,24.22
10955,111-MZ-T01,Pre-PQ Process,SO-1039,DN-629,Mozambique,PMO - US,From RDC,N/A - From RDC,Air,Pre-PQ Process,N/A - From RDC,8-Apr-08,16-May-08,16-May-08,ARV,Adult,SCMS from RDC,"Lamivudine/Nevirapine/Stavudine 150/200/30mg, tablets, 60 Tabs",Lamivudine/Nevirapine/Stavudine,Generic,150/200/30mg,Tablet - FDC,60,73012,540288.8,7.4,0.12,"Cipla, Goa, India",Yes,14083,11053.53,864.46
65349,161-ZA-T30,FPQ-7175,SCMS-103680,ASN-12948,South Africa,PMO - US,Direct Drop,DDP,Ocean,3/10/2011,3/23/2011,1-Dec-11,1-Dec-11,1-Dec-11,ARV,Adult,EMCURE PHARMACEUTICALS LTD,"Efavirenz 600mg, tablets, 30 Tabs",Efavirenz,Generic,600mg,Tablet,30,96224,413763.2,4.3,0.14,"Emcure Plot No.P-2, I.T-B.T. Park, Phase II, MIDC, Hinjwadi, Pune, India",Yes,7556,9582.53,682.71
39895,107-RW-T30,FPQ-15065,SCMS-263330,ASN-30481,Rwanda,PMO - US,Direct Drop,EXW,Air,10/15/2014,12/18/2014,18-Feb-15,18-Feb-15,19-Feb-15,HRDT,HIV test,"SHANGHAI KEHUA BIOENGINEERING CO.,LTD.  (KHB)","HIV 1/2, SKB Colloidal Gold, Diagnostic Kit, Antibody, 50 Tests","HIV 1/2, Colloidal Gold, Diagnostic Kit, Antibody",Colloidal Gold,,Test kit,1,4014,98343.0,24.5,24.5,"KHB Test Kit Facility, Shanghai China",Yes,2676,35281.73,101.1
45644,104-CI-T30,FPQ-13622,SCMS-228880,ASN-26338,Côte d'Ivoire,PMO - US,Direct Drop,EXW,Air,1/23/2014,3/3/2014,20-Jun-14,20-Jun-14,25-Jun-14,ARV,Adult,Aurobindo Pharma Limited,"Didanosine 250mg, delayed-release capsules, 30 Caps",Didanosine,Generic,250mg,Delayed-release capsules,30,2000,15160.0,7.58,0.25,"Aurobindo Unit III, India",Yes,150,1789.85,15.58
67597,101-CD-T30,FPQ-16001,SCMS-280220,ASN-32231,"Congo, DRC",PMO - US,Direct Drop,EXW,Air,3/10/2015,3/17/2015,23-Jul-15,23-Jul-15,29-Jul-15,HRDT,HIV test,"Orgenics, Ltd","HIV 1/2, Determine Complete HIV Kit, 100 Tests","HIV 1/2, Determine Complete HIV Kit",Determine,,Test kit,100,263,21040.0,80.0,0.8,"Alere Medical Co., Ltd.",No,See ASN-32231 (ID#:13648),See ASN-32231 (ID#:13648),24.76
50723,119-NA-T30,FPQ-7007,SCMS-98330,ASN-9834,Namibia,PMO - US,Direct Drop,EXW,Air,1/13/2011,2/2/2011,15-Mar-11,15-Mar-11,15-Mar-11,HRDT,HIV test,"Trinity Biotech, Plc","HIV 1/2, Uni-Gold HIV Kit, 20 Tests","HIV 1/2, Uni-Gold HIV Kit",Uni-Gold,,Test kit,20,520,16640.0,32.0,1.6,"Trinity Biotech, Plc",Yes,177,3496.34,27.46
65261,133-NG-T30,FPQ-7634,SCMS-108740,ASN-11758,Nigeria,PMO - US,Direct Drop,EXW,Air,4/28/2011,5/23/2011,31-Aug-11,31-Aug-11,31-Aug-11,HRDT,HIV test,"Orgenics, Ltd","HIV 1/2, Determine Complete HIV Kit, 100 Tests","HIV 1/2, Determine Complete HIV Kit",Determine,,Test kit,100,2520,224280.0,89.0,0.89,Inverness Japan,Yes,1201,28669.23,370.06
86243,104-CI-T30,FPQ-3964,SO-34500,DN-1523,Côte d'Ivoire,PMO - US,From RDC,N/A - From RDC,Air,7/24/2009,N/A - From RDC,1-Dec-09,2-Dec-09,2-Dec-09,ARV,Adult,SCMS from RDC,"Efavirenz 600mg, tablets, 30 Tabs",Efavirenz,Generic,600mg,Tablet,30,30464,176081.92,5.78,0.19,"Aurobindo Unit III, India",No,See DN-1523 (ID#:83961),See DN-1523 (ID#:83961),345.12
84858,111-MZ-T30,FPQ-11884,SO-44870,DN-3339,Mozambique,PMO - US,From RDC,N/A - From RDC,Truck,3/19/2013,N/A - From RDC,31-Oct-13,13-Nov-13,2-Dec-13,ARV,Adult,SCMS from RDC,"Lamivudine/Zidovudine 150/300mg, tablets, 60 Tabs",Lamivudine/Zidovudine,Generic,150/300mg,Tablet - FDC,60,21984,159823.68,7.27,0.12,"Aurobindo Unit III, India",No,See DN-3339 (ID#:83718),See DN-3339 (ID#:83718),197.7
83374,123-NG-T30,FPQ-4395,SO-32971,DN-1493,Nigeria,PMO - US,From RDC,N/A - From RDC,Air Charter,7/27/2009,N/A - From RDC,18-Dec-09,20-Nov-09,20-Nov-09,ARV,Adult,SCMS from RDC,"Efavirenz 600mg, tablets, 30 Tabs",Efavirenz,Generic,600mg,Tablet,30,2666,15409.48,5.78,0.19,"Aurobindo Unit III, India",Yes,2889,21641.75,30.2
71402,106-HT-T30,FPQ-14895,SCMS-261980,ASN-29907,Haiti,PMO - US,Direct Drop,EXW,Air,9/24/2014,11/14/2014,20-Jan-15,20-Jan-15,21-Jan-15,ARV,Pediatric,CIPLA LIMITED,"Lamivudine/Nevirapine/Zidovudine 30/50/60mg, dispersible tablets, 60 Tabs",Lamivudine/Nevirapine/Zidovudine,Generic,30/50/60mg,Chewable/dispersible tablet - FDC,60,7867,28321.2,3.6,0.06,"Cipla, Goa, India",Yes,811,5915.63,29.11
11497,110-ZM-T01,Pre-PQ Process,SO-1032,DN-485,Zambia,PMO - US,From RDC,N/A - From RDC,,Pre-PQ Process,N/A - From RDC,8-Jan-08,8-Jan-08,8-Jan-08,ARV,Adult,SCMS from RDC,"Efavirenz 600mg, tablets, 30 Tabs",Efavirenz,Generic,600mg,Tablet,30,44135,548156.7,12.42,0.41,Mylan (formerly Matrix) Nashik,Yes,3454,12492,877.05
46512,104-CI-T30,FPQ-7325,SCMS-106600,ASN-11739,Côte d'Ivoire,PMO - US,Direct Drop,EXW,Air,3/9/2011,5/5/2011,8-Sep-11,8-Sep-11,8-Sep-11,HRDT,HIV test,"Orgenics, Ltd","HIV 1/2, Determine Complete HIV Kit, 100 Tests","HIV 1/2, Determine Complete HIV Kit",Determine,,Test kit,100,494,39520.0,80.0,0.8,Inverness Japan,Yes,240,7681.19,65.21
84645,200-ZW-T30,FPQ-6483,SO-37880,DN-2203,Zimbabwe,PMO - US,From RDC,N/A - From RDC,Truck,10/13/2010,N/A - From RDC,31-May-11,13-Jun-11,13-Jun-11,ARV,Pediatric,SCMS from RDC,"Efavirenz 50mg, capsule, 30 Caps",Efavirenz,Generic,50mg,Capsule,30,4250,9520.0,2.24,0.07,"Aurobindo Unit III, India",No,See DN-2203 (ID#:82949),See DN-2203 (ID#:82949),20.53
11846,114-UG-T01,Pre-PQ Process,SO-1304,DN-550,Uganda,PMO - US,From RDC,N/A - From RDC,Air,Pre-PQ Process,N/A - From RDC,11-Mar-08,11-Mar-08,11-Mar-08,ARV,Adult,SCMS from RDC,"Efavirenz 600mg, tablets, 30 Tabs",Efavirenz,Generic,600mg,Tablet,30,3364,41780.88,12.42,0.41,"Aurobindo Unit III, India",Yes,369,1902.9,66.85
67614,105-SS-T30,FPQ-15569,SCMS-272160,ASN-31337,South Sudan,PMO - US,Direct Drop,EXW,Air,12/29/2014,2/20/2015,3-Jun-15,3-Jun-15,5-Jun-15,HRDT,HIV test,"Orgenics, Ltd","HIV 1/2, Determine Complete HIV Kit, 100 Tests","HIV 1/2, Determine Complete HIV Kit",Determine,,Test kit,100,90,8010.0,89.0,0.89,"Alere Medical Co., Ltd.",No,See ASN-31337 (ID#:26619),See ASN-31337 (ID#:26619),9.43
86586,151-NG-T30,FPQ-11771,SO-44755,DN-3239,Nigeria,PMO - US,From RDC,N/A - From RDC,Air Charter,2/28/2013,N/A - From RDC,21-Aug-13,23-Jul-13,23-Jul-13,ARV,Adult,SCMS from RDC,"Lamivudine/Nevirapine/Zidovudine 150/200/300mg, tablets, 60 Tabs",Lamivudine/Nevirapine/Zidovudine,Generic,150/300/200mg,Tablet - FDC,60,249974,2144776.92,8.58,0.14,"Aurobindo Unit III, India",No,Weight Captured Separately,Freight Included in Commodity Cost,2653.09
12330,117-ET-T01,Pre-PQ Process,SO-34581,DN-1584,Ethiopia,PMO - US,From RDC,N/A - From RDC,Air,Date Not Captured,N/A - From RDC,2-Dec-09,2-Dec-09,2-Dec-09,ARV,Adult,SCMS from RDC,"Nevirapine 200mg, tablets, 60 Tabs",Nevirapine,Generic,200mg,Tablet,60,4460,12934.0,2.9,0.05,Hetero Unit III Hyderabad IN,Yes,250,1366.22,27.89
84437,104-CI-T30,FPQ-13628,SO-47881,DN-4063,Côte d'Ivoire,PMO - US,From RDC,N/A - From RDC,Truck,1/29/2014,N/A - From RDC,30-Jan-15,19-Jan-15,27-Jan-15,ARV,Adult,SCMS from RDC,"Efavirenz/Lamivudine/Tenofovir Disoproxil Fumarate 600/300/300mg, tablets, 30 Tabs",Efavirenz/Lamivudine/Tenofovir Disoproxil Fumarate,Generic,600/300/300mg,Tablet - FDC,30,32884,320947.84,9.76,0.33,Hetero Unit III Hyderabad IN,Yes,4114,9264.13,329.93
82536,113-ZW-T30,FPQ-10632,SO-43221,DN-2975,Zimbabwe,PMO - US,From RDC,N/A - From RDC,Truck,9/11/2012,N/A - From RDC,21-Dec-12,13-Dec-12,13-Dec-12,ARV,Adult,SCMS from RDC,"Lamivudine/Nevirapine/Zidovudine 150/200/300mg, tablets, 60 Tabs",Lamivudine/Nevirapine/Zidovudine,Generic,150/300/200mg,Tablet - FDC,60,15120,135626.4,8.97,0.15,"Cipla, Goa, India",Yes,5754,10075.8,190.15
29116,116-ZA-T30,FPQ-14942,SCMS-259074,ASN-31070,South Africa,PMO - US,Direct Drop,DDP,Truck,9/11/2014,3/9/2015,9-Mar-15,9-Mar-15,9-Mar-15,ARV,Adult,PHARMACY DIRECT,"Lamivudine 150mg, tablets, 60 Tabs",Lamivudine,Generic,150mg,Tablet,60,146,964.58,6.61,0.11,"Aurobindo Unit III, India",No,Weight Captured Separately,Freight Included in Commodity Cost,0.99
83789,106-HT-T30,FPQ-13608,SO-47681,DN-3684,Haiti,PMO - US,From RDC,N/A - From RDC,Air,1/22/2014,N/A - From RDC,17-May-14,29-May-14,12-Jun-14,ARV,Adult,SCMS from RDC,"Lamivudine/Zidovudine 150/300mg, tablets, 60 Tabs",Lamivudine/Zidovudine,Generic,150/300mg,Tablet - FDC,60,20000,132000.0,6.6,0.11,Hetero Unit III Hyderabad IN,Yes,1777,15330.56,135.7
8258,116-ZA-T01,Pre-PQ Process,SCMS-16600,ASN-1520,South Africa,PMO - US,Direct Drop,DDP,,Pre-PQ Process,1/4/2008,21-Jan-08,4-Jan-08,4-Jan-08,ARV,Adult,"JSI R&T INSTITUTE, INC.","Lopinavir/Ritonavir 133.3/33.3mg [Kaletra], capsules, cool, 2 x 90 Caps",Lopinavir/Ritonavir,Kaletra,133.3/33.3mg,Capsule,180,400,18460.0,46.15,0.26,ABBVIE (Abbott) Logis. UK,No,Weight Captured Separately,Freight Included in Commodity Cost,29.54
85185,113-ZW-T30,FPQ-6470,SO-39350,DN-2195,Zimbabwe,PMO - US,From RDC,N/A - From RDC,Truck,10/13/2010,N/A - From RDC,31-May-11,9-Jun-11,9-Jun-11,ARV,Adult,SCMS from RDC,"Nevirapine 200mg, tablets, 60 Tabs",Nevirapine,Generic,200mg,Tablet,60,9073,22773.23,2.51,0.04,"Strides, Bangalore, India.",Yes,521,2494.56,49.1
85948,111-MZ-T30,FPQ-10211,SO-42860,DN-3063,Mozambique,PMO - US,From RDC,N/A - From RDC,Truck,6/28/2012,N/A - From RDC,8-Apr-13,16-Apr-13,16-Apr-13,ARV,Adult,SCMS from RDC,"Lamivudine/Tenofovir Disoproxil Fumarate 300/300mg, tablets, 30 Tabs",Lamivudine/Tenofovir Disoproxil Fumarate,Generic,300/300mg,Tablet - FDC,30,7680,36096.0,4.7,0.16,"Aurobindo Unit VII, IN",No,See DN-3063 (ID#:84799),See DN-3063 (ID#:84799),50.61
86814,151-NG-T30,FPQ-14989,SO-51424,DN-4276,Nigeria,PMO - US,From RDC,N/A - From RDC,Air Charter,9/19/2014,N/A - From RDC,30-Jun-15,15-May-15,22-May-15,ARV,Adult,SCMS from RDC,"Lopinavir/Ritonavir 200/50mg [Aluvia], tablets, 120 Tabs",Lopinavir/Ritonavir,Aluvia,200/50mg,Tablet,120,70000,1304800.0,18.64,0.16,ABBVIE Ludwigshafen Germany,Yes,15198,26180,1341.33
86001,110-ZM-T30,FPQ-12066,SO-45060,DN-3327,Zambia,PMO - US,From RDC,N/A - From RDC,Truck,4/19/2013,N/A - From RDC,30-Sep-13,17-Sep-13,17-Sep-13,ARV,Adult,SCMS from RDC,"Abacavir 300mg, tablets, 60 Tabs",Abacavir,Generic,300mg,Tablet,60,3908,44785.68,11.46,0.19,"Aurobindo Unit III, India",No,See DN-3327 (ID#:85400),See DN-3327 (ID#:85400),55.4
6440,116-ZA-T01,Pre-PQ Process,SCMS-42450,ASN-4772,South Africa,PMO - US,Direct Drop,DDP,Truck,Pre-PQ Process,4/2/2009,15-May-09,17-Jul-09,17-Jul-09,ARV,Adult,S. BUYS WHOLESALER,"Stavudine 20mg [Zerit], capsules, 60 Caps",Stavudine,Zerit,20mg,Capsule,60,24,94.8,3.95,0.07,"BMS Meymac, France",Yes,Weight Captured Separately,Freight Included in Commodity Cost,0.19
4085,102-GY-T01,Pre-PQ Process,SCMS-11650,ASN-834,Guyana,PMO - US,Direct Drop,EXW,Air,Pre-PQ Process,8/28/2007,21-Sep-07,21-Sep-07,21-Sep-07,HRDT,HIV test - Ancillary,"Orgenics, Ltd","HIV, Lancet, Safety, for HIV Test kits, 100 Pcs","HIV, Lancet, Safety, for HIV Test kits, 100 Pcs",Generic,,Test kit - Ancillary,100,442,4.42,0.01,0.0,Inverness Japan,Yes,Weight Captured Separately,Invoiced Separately,0.01
85902,104-CI-T30,FPQ-9063,SO-41362,DN-2870,Côte d'Ivoire,PMO - US,From RDC,N/A - From RDC,Truck,12/21/2011,N/A - From RDC,15-Oct-12,5-Oct-12,5-Oct-12,ARV,Adult,SCMS from RDC,"Efavirenz/Emtricitabine/Tenofovir Disoproxil Fumarate 600/200/300mg, tablets, 30 Tabs",Efavirenz/Emtricitabine/Tenofovir Disoproxil Fumarate,Generic,600/200/300mg,Tablet - FDC,30,10080,144950.4,14.38,0.48,Mylan (formerly Matrix) Nashik,Yes,1143,8158.93,203.22
60964,116-ZA-T30,FPQ-4770,SCMS-60171,ASN-5931,South Africa,PMO - US,Direct Drop,DDP,Truck,12/17/2009,12/23/2009,12-Jan-10,12-Jan-10,12-Jan-10,ARV,Pediatric,S. BUYS WHOLESALER,"Nevirapine 10mg/ml [Viramune], oral suspension, Bottle, 240 ml",Nevirapine,Viramune,10mg/ml,Oral suspension,240,40,625.57,15.64,0.07,Boehringer Ingelheim Roxane US,Yes,Weight Captured Separately,Freight Included in Commodity Cost,1.35
83304,111-MZ-T30,FPQ-14843,SO-49710,DN-4096,Mozambique,PMO - US,From RDC,N/A - From RDC,Truck,8/21/2014,N/A - From RDC,28-Feb-15,13-Mar-15,17-Mar-15,ARV,Adult,SCMS from RDC,"Efavirenz/Lamivudine/Tenofovir Disoproxil Fumarate 600/300/300mg, tablets, 30 Tabs",Efavirenz/Lamivudine/Tenofovir Disoproxil Fumarate,Generic,600/300/300mg,Tablet - FDC,30,15654,152783.04,9.76,0.33,Hetero Unit III Hyderabad IN,Yes,112027,79514.44,157.06
9874,108-VN-T01,Pre-PQ Process,SCMS-27330,ASN-2861,Vietnam,PMO - US,Direct Drop,CIP,Air,Pre-PQ Process,7/23/2008,13-Nov-08,13-Nov-08,13-Nov-08,ARV,Pediatric,BRISTOL-MYERS SQUIBB,"Didanosine 25mg [Videx], chewable tablets, 60 Tabs",Didanosine,Videx,25mg,Chewable/dispersible tablet,60,240,1680.0,7.0,0.12,"BMS Meymac, France",Yes,52,1516.05,3.29
11899,106-HT-T01,Pre-PQ Process,SO-2055,DN-690,Haiti,PMO - US,From RDC,N/A - From RDC,Air,Pre-PQ Process,N/A - From RDC,14-Apr-08,14-Apr-08,14-Apr-08,ARV,Pediatric,SCMS from RDC,"Lamivudine 10mg/ml, oral solution, Bottle, 240 ml",Lamivudine,Generic,10mg/ml,Oral solution,240,2135,4205.95,1.97,0.01,"Aurobindo Unit III, India",No,See DN-690 (ID#:10706),See DN-690 (ID#:10706),6.73
85908,109-TZ-T30,FPQ-9303,SO-41550,DN-2888,Tanzania,PMO - US,From RDC,N/A - From RDC,Truck,2/15/2012,N/A - From RDC,30-Nov-12,6-Nov-12,6-Nov-12,ARV,Pediatric,SCMS from RDC,"Lamivudine/Nevirapine/Stavudine 30/50/6mg, dispersible tablets, 60 Tabs",Lamivudine/Nevirapine/Stavudine,Generic,30/50/6mg,Chewable/dispersible tablet - FDC,60,17600,40480.0,2.3,0.04,"Cipla, Goa, India",Yes,3526,8977,56.75
82328,106-HT-T30,FPQ-5523,SO-36800,DN-1871,Haiti,PMO - US,From RDC,N/A - From RDC,Air,4/19/2010,N/A - From RDC,12-Jul-10,30-Jun-10,30-Jun-10,ARV,Adult,SCMS from RDC,"Stavudine 30mg, capsules, 60 Caps",Stavudine,Generic,30mg,Capsule,60,7560,10659.6,1.41,0.02,"Strides, Bangalore, India.",Yes,2027,19372.86,22.98
56416,900-UG-T30,FPQ-10089,SCMS-149400,ASN-15427,Uganda,PMO - US,Direct Drop,EXW,Air,6/7/2012,6/12/2012,23-Jul-12,23-Jul-12,23-Jul-12,ARV,Adult,Aurobindo Pharma Limited,"Efavirenz 600mg, tablets, 30 Tabs",Efavirenz,Generic,600mg,Tablet,30,20617,70097.8,3.4,0.11,"Aurobindo Unit III, India",Yes,1770,7651.56,98.28
11567,110-ZM-T01,Pre-PQ Process,SO-2490,DN-950,Zambia,PMO - US,From RDC,N/A - From RDC,Truck,Pre-PQ Process,N/A - From RDC,21-Oct-08,21-Oct-08,21-Oct-08,ARV,Adult,SCMS from RDC,"Nevirapine 200mg, tablets, 60 Tabs",Nevirapine,Generic,200mg,Tablet,60,40454,137543.6,3.4,0.06,"Aurobindo Unit III, India",Yes,3787,4060.55,269.59
8100,113-ZW-T01,Pre-PQ Process,SCMS-11690,ASN-871,Zimbabwe,PMO - US,Direct Drop,CIP,Air,Pre-PQ Process,9/28/2007,10-Jan-08,10-Jan-08,10-Jan-08,HRDT,HIV test,Orasure Technologies Inc.,"HIV 1/2, OraQuick Advance HIV Rapid Antibody Kit, 100 Tests","HIV 1/2, OraQuick Advance HIV Rapid Antibody Kit",OraQuick,,Test kit,100,5,1750.0,350.0,3.5,"Pacific Biotech, Thailand",Yes,Weight Captured Separately,Freight Included in Commodity Cost,2.8
76881,103-CM-T30,FPQ-16210,SCMS-289310,ASN-32567,Cameroon,PMO - US,Direct Drop,EXW,Air,4/28/2015,6/2/2015,17-Jun-15,17-Jun-15,17-Jun-15,ARV,Pediatric,Aurobindo Pharma Limited,"Nevirapine 50mg, dispersible tablets (tablets for oral suspension), 30 Tabs",Nevirapine,Generic,50mg,Chewable/dispersible tablet,30,4416,5520.0,1.25,0.04,"Aurobindo Unit III, India",Yes,Weight Captured Separately,Invoiced Separately,6.5
26082,107-RW-T30,FPQ-6185,SCMS-84440,ASN-9043,Rwanda,PMO - US,Direct Drop,CIP,Air,9/3/2010,9/17/2010,9-Dec-10,9-Dec-10,9-Dec-10,ARV,Adult,HETERO LABS LIMITED,"Nevirapine 200mg, tablets, 60 Tabs",Nevirapine,Generic,200mg,Tablet,60,62671,165451.44,2.64,0.04,Hetero Unit III Hyderabad IN,Yes,3666,14890.63,356.71
84588,102-UG-T30,FPQ-6202,SO-37250,DN-1997,Uganda,PMO - US,From RDC,N/A - From RDC,Air,8/6/2010,N/A - From RDC,29-Oct-10,27-Sep-10,27-Sep-10,ARV,Adult,SCMS from RDC,"Lamivudine/Zidovudine 150/300mg, tablets, 60 Tabs",Lamivudine/Zidovudine,Generic,150/300mg,Tablet - FDC,60,63148,539915.4,8.55,0.14,"Aurobindo Unit III, India",No,See DN-1997 (ID#:82914),See DN-1997 (ID#:82914),1164.06
85885,107-RW-T30,FPQ-9888,SO-42133,DN-2789,Rwanda,PMO - US,From RDC,N/A - From RDC,Air,5/11/2012,N/A - From RDC,24-Aug-12,16-Aug-12,16-Aug-12,ARV,Adult,SCMS from RDC,"Abacavir 300mg, tablets, 60 Tabs",Abacavir,Generic,300mg,Tablet,60,10537,138561.55,13.15,0.22,"Aurobindo Unit III, India",Yes,1048,18613.69,194.26
12001,110-ZM-T01,Pre-PQ Process,SO-29040,DN-1386,Zambia,PMO - US,From RDC,N/A - From RDC,Truck,Date Not Captured,N/A - From RDC,15-Sep-09,15-Sep-09,15-Sep-09,ARV,Adult,SCMS from RDC,"Lamivudine/Zidovudine 150/300mg, tablets, 60 Tabs",Lamivudine/Zidovudine,Generic,150/300mg,Tablet - FDC,60,108000,946080.0,8.76,0.15,"Aurobindo Unit III, India",No,See DN-1386 (ID#:11673),See DN-1386 (ID#:11673),1854.32
60,110-ZM-T01,Pre-PQ Process,SCMS-221,ASN-223,Zambia,PMO - US,Direct Drop,CIP,Air,Pre-PQ Process,12/1/2006,16-Feb-07,16-Feb-07,16-Feb-07,ARV,Adult,ABBVIE LOGISTICS (FORMERLY ABBOTT LOGISTICS BV),"Lopinavir/Ritonavir 200/50mg [Aluvia], tablets, 120 Tabs",Lopinavir/Ritonavir,Aluvia,200/50mg,Tablet,120,2800,115080.0,41.1,0.34,ABBVIE Ludwigshafen Germany,Yes,643,Freight Included in Commodity Cost,
82945,151-NG-T30,FPQ-6800,SO-39240,DN-2174,Nigeria,PMO - US,From RDC,N/A - From RDC,Air Charter,12/7/2010,N/A - From RDC,21-Jun-11,11-May-11,11-May-11,ARV,Adult,SCMS from RDC,"Tenofovir Disoproxil Fumarate 300mg, tablets, 30 Tabs",Tenofovir Disoproxil Fumarate,Generic,300mg,Tablet,30,844,5545.08,6.57,0.22,"Aurobindo Unit III, India",Yes,76,12601.07,9.15
82909,106-HT-T30,FPQ-5523,SO-36760,DN-1964,Haiti,PMO - US,From RDC,N/A - From RDC,Air,4/19/2010,N/A - From RDC,10-Aug-10,23-Aug-10,23-Aug-10,ARV,Adult,SCMS from RDC,"Stavudine 15mg, capsules, 60 Caps",Stavudine,Generic,15mg,Capsule,60,336,504.0,1.5,0.02,"Aurobindo Unit III, India",No,See DN-1964 (ID#:82908),See DN-1964 (ID#:82908),1.09
77092,116-ZA-T30,FPQ-11828,SCMS-183970,ASN-19157,South Africa,South Africa Field Office,Direct Drop,DDP,Truck,3/18/2013,Date Not Captured,12-Apr-13,12-Apr-13,12-Apr-13,ARV,Pediatric,S. BUYS WHOLESALER,"Lopinavir/Ritonavir 80/20mg/ml [Kaletra], oral solution, cool, Bottle 5 x 60 ml",Lopinavir/Ritonavir,Kaletra,80/20mg/ml,Oral solution,300,2,49.99,25.0,0.08,ABBVIE (Abbott) Logis. UK,No,Weight Captured Separately,Freight Included in Commodity Cost,0.06
5147,119-NA-T01,Pre-PQ Process,SCMS-44970,ASN-4081,Namibia,PMO - US,Direct Drop,EXW,Air,Pre-PQ Process,4/29/2009,27-May-09,27-May-09,27-May-09,HRDT,HIV test,"Trinity Biotech, Plc","HIV 1/2, Uni-Gold HIV Kit, 20 Tests","HIV 1/2, Uni-Gold HIV Kit",Uni-Gold,,Test kit,20,6760,216320.0,32.0,1.6,"Trinity Biotech, Plc",Yes,2261,17643.81,423.99
83233,110-ZM-T30,FPQ-13221,SO-47202,DN-3625,Zambia,PMO - US,From RDC,N/A - From RDC,Truck,10/31/2013,N/A - From RDC,6-May-14,4-Jun-14,12-Jun-14,ARV,Adult,SCMS from RDC,"Lopinavir/Ritonavir 200/50mg, tablets, 120 Tabs",Lopinavir/Ritonavir,Generic,200/50mg,Tablet,120,25482,521871.36,20.48,0.17,"Aurobindo Unit III, India",Yes,7140,47532.09,536.48
83416,151-NG-T30,FPQ-4537,SO-34890,DN-1762,Nigeria,PMO - US,From RDC,N/A - From RDC,Air,11/6/2009,N/A - From RDC,19-Apr-10,31-Mar-10,31-Mar-10,ARV,Adult,SCMS from RDC,"Nevirapine 200mg, tablets, 60 Tabs",Nevirapine,Generic,200mg,Tablet,60,15000,40950.0,2.73,0.05,"Aurobindo Unit III, India",Yes,1444,124350.84,88.29
11677,110-ZM-T01,Pre-PQ Process,SO-32500,DN-1394,Zambia,PMO - US,From RDC,N/A - From RDC,Truck,Date Not Captured,N/A - From RDC,21-Aug-09,21-Aug-09,21-Aug-09,ARV,Adult,SCMS from RDC,"Lamivudine/Nevirapine/Stavudine 150/200/30mg, tablets, 60 Tabs",Lamivudine/Nevirapine/Stavudine,Generic,150/200/30mg,Tablet - FDC,60,2393,17038.16,7.12,0.12,"Cipla, Goa, India",Yes,256,2014.86,33.39
82381,114-UG-T30,FPQ-7162,SO-38810,DN-2191,Uganda,PMO - US,From RDC,N/A - From RDC,Truck,2/14/2011,N/A - From RDC,11-May-11,24-May-11,24-May-11,ARV,Adult,SCMS from RDC,"Lamivudine/Nevirapine/Zidovudine 150/200/300mg, tablets, 60 Tabs",Lamivudine/Nevirapine/Zidovudine,Generic,150/300/200mg,Tablet - FDC,60,100000,1122000.0,11.22,0.19,Mylan (formerly Matrix) Nashik,Yes,14983,78442.21,1851.3
34360,104-CI-T30,FPQ-6897,SCMS-101010,ASN-10906,Côte d'Ivoire,PMO - US,Direct Drop,EXW,Air,1/5/2011,3/11/2011,15-Jun-11,15-Jun-11,15-Jun-11,ARV,Adult,MYLAN LABORATORIES LTD (FORMERLY MATRIX LABORATORIES),"Abacavir/Lamivudine/Zidovudine 300/150/300mg, tablets, 60 Tabs",Abacavir/Lamivudine/Zidovudine,Generic,300/150/300mg,Tablet - FDC,60,2432,72960.0,30.0,0.5,Mylan (formerly Matrix) Nashik,Yes,403,5714.74,120.38
83499,114-UG-T30,FPQ-7165,SO-38790,DN-2189,Uganda,PMO - US,From RDC,N/A - From RDC,Air,2/14/2011,N/A - From RDC,11-Mar-11,3-May-11,3-May-11,ARV,Adult,SCMS from RDC,"Efavirenz/Emtricitabine/Tenofovir Disoproxil Fumarate 600/200/300mg, tablets, 30 Tabs",Efavirenz/Emtricitabine/Tenofovir Disoproxil Fumarate,Generic,600/200/300mg,Tablet - FDC,30,720,14342.4,19.92,0.66,Mylan (formerly Matrix) Nashik,Yes,79,2305.65,23.66
34226,102-SD-T30,FPQ-5295,SCMS-69270,ASN-6658,Sudan,PMO - US,Direct Drop,EXW,Air,3/15/2010,3/24/2010,18-May-10,18-May-10,18-May-10,HRDT,HIV test,"Orgenics, Ltd","HIV 1/2, Determine Complete HIV Kit, 100 Tests","HIV 1/2, Determine Complete HIV Kit",Determine,,Test kit,100,350,28000.0,80.0,0.8,Inverness Japan,Yes,104,2023.76,60.37
10926,106-HT-T01,Pre-PQ Process,SO-1285,DN-627,Haiti,PMO - US,From RDC,N/A - From RDC,Air,Pre-PQ Process,N/A - From RDC,8-Mar-08,8-Mar-08,8-Mar-08,ARV,Pediatric,SCMS from RDC,"Didanosine 200mg, chewable/dispersible tablets, 60 Tabs",Didanosine,Generic,200mg,Chewable/dispersible tablet,60,100,1550.0,15.5,0.26,"Aurobindo Unit III, India",Yes,195,2587.9,2.48
79081,103-SS-T30,FPQ-13172,SCMS-213410,ASN-22956,South Sudan,PMO - US,Direct Drop,EXW,Air,10/28/2013,11/6/2013,20-Feb-14,20-Feb-14,26-Feb-14,HRDT,HIV test,"Trinity Biotech, Plc","HIV 1/2, Uni-Gold HIV Kit, 20 Tests","HIV 1/2, Uni-Gold HIV Kit",Uni-Gold,,Test kit,20,444,14208.0,32.0,1.6,"Trinity Biotech, Plc",Yes,132,1847.97,14.61
84581,106-HT-T30,FPQ-5523,SO-36760,DN-1964,Haiti,PMO - US,From RDC,N/A - From RDC,Air,4/19/2010,N/A - From RDC,10-Aug-10,23-Aug-10,23-Aug-10,ARV,Pediatric,SCMS from RDC,"Lamivudine 10mg/ml, oral solution, Bottle, 240 ml",Lamivudine,Generic,10mg/ml,Oral solution,240,3840,7411.2,1.93,0.01,"Cipla, Goa, India",No,See DN-1964 (ID#:82908),See DN-1964 (ID#:82908),15.98
85093,106-HT-T30,FPQ-4384,SO-35920,DN-1667,Haiti,PMO - US,From RDC,N/A - From RDC,Air,10/23/2009,N/A - From RDC,10-Mar-10,3-Mar-10,3-Mar-10,ARV,Adult,SCMS from RDC,"Stavudine 20mg, capsules, 60 Caps",Stavudine,Generic,20mg,Capsule,60,106,151.58,1.43,0.02,"Aurobindo Unit III, India",No,See DN-1667 (ID#:82861),See DN-1667 (ID#:82861),0.33
85656,113-ZW-T30,FPQ-4472,SO-27210,DN-1657,Zimbabwe,PMO - US,From RDC,N/A - From RDC,Truck,3/17/2009,N/A - From RDC,31-Mar-10,12-Mar-10,12-Mar-10,ARV,Adult,SCMS from RDC,"Efavirenz 600mg, tablets, 30 Tabs",Efavirenz,Generic,600mg,Tablet,30,4000,20520.0,5.13,0.17,"Aurobindo Unit III, India",No,See DN-1657 (ID#:83980),See DN-1657 (ID#:83980),40.22
82444,110-ZM-T30,FPQ-7767,SO-40270,DN-2513,Zambia,PMO - US,From RDC,N/A - From RDC,Truck,7/26/2011,N/A - From RDC,28-Feb-12,17-Feb-12,17-Feb-12,ARV,Adult,SCMS from RDC,"Abacavir 300mg, tablets, 60 Tabs",Abacavir,Generic,300mg,Tablet,60,27452,412878.08,15.04,0.25,Mylan (formerly Matrix) Nashik,Yes,3898,11292.05,681.25
86179,151-NG-T30,FPQ-14156,SO-51030,DN-4170,Nigeria,PMO - US,From RDC,N/A - From RDC,Air Charter,4/25/2014,N/A - From RDC,2-Mar-15,10-Mar-15,17-Mar-15,ARV,Adult,SCMS from RDC,"Lamivudine/Zidovudine 150/300mg, tablets, 60 Tabs",Lamivudine/Zidovudine,Generic,150/300mg,Tablet - FDC,60,148569,968669.88,6.52,0.11,"Aurobindo Unit III, India",No,See DN-4170 (ID#:85020),See DN-4170 (ID#:85020),995.79
82645,104-CI-T30,FPQ-11254,SO-44140,DN-3509,Côte d'Ivoire,PMO - US,From RDC,N/A - From RDC,Truck,12/14/2012,N/A - From RDC,31-Jan-14,12-Feb-14,4-Mar-14,ARV,Pediatric,SCMS from RDC,"Abacavir/Lamivudine 60/30mg, tablets, 60 Tabs",Abacavir/Lamivudine,Generic,60/30mg,Tablet - FDC,60,2200,8800.0,4.0,0.07,"Aurobindo Unit III, India",Yes,105,2151.95,10.89
13148,103-DO-T30,FPQ-14469,SCMS-244720,ASN-26962,Dominican Republic,PMO - US,Direct Drop,DDP,Air,6/13/2014,6/23/2014,14-Jan-14,14-Jan-14,7-Feb-14,ARV,Pediatric,"ABBVIE, SRL (FORMALLY ABBOTT LABORATORIES INTERNATIONAL CO.)","Lopinavir/Ritonavir 80/20mg/ml [Kaletra], oral solution, cool, Bottle, 160 ml",Lopinavir/Ritonavir,Kaletra,80/20mg/ml,Oral solution,160,4570,148250.8,32.44,0.2,ABBVIE Labs North Chicago US,Yes,Weight Captured Separately,Freight Included in Commodity Cost,152.4
81698,108-VN-T30,FPQ-4265,SCMS-57130,ASN-6268,Vietnam,PMO - US,Direct Drop,EXW,Air,10/20/2009,11/13/2009,15-Mar-10,15-Mar-10,15-Mar-10,ARV,Adult,Aurobindo Pharma Limited,"Lamivudine/Nevirapine/Zidovudine 150/200/300mg, tablets, 60 Tabs",Lamivudine/Nevirapine/Zidovudine,Generic,150/300/200mg,Tablet - FDC,60,12700,141605.0,11.15,0.19,"Aurobindo Unit III, India",Yes,1572,13479.25,277.55
83426,151-NG-T30,FPQ-4537,SO-36003,DN-1822,Nigeria,PMO - US,From RDC,N/A - From RDC,Air Charter,11/6/2009,N/A - From RDC,31-May-10,18-May-10,18-May-10,ARV,Adult,SCMS from RDC,"Lamivudine/Nevirapine/Stavudine 150/200/30mg, tablets, 60 Tabs",Lamivudine/Nevirapine/Stavudine,Generic,150/200/30mg,Tablet - FDC,60,72560,424476.0,5.85,0.1,"Strides, Bangalore, India.",Yes,5420,9736.1,915.17
2173,141-NA-T01,Pre-PQ Process,SCMS-33850,ASN-3110,Namibia,PMO - US,Direct Drop,EXW,Air,Pre-PQ Process,11/20/2008,27-Jan-09,27-Jan-09,27-Jan-09,HRDT,HIV test,INVERNESS MEDICAL INNOVATIONS SOUTH AFRICA (PTY) LTD,"HIV 1/2, Clearview Complete Kit, 25 Tests","HIV 1/2, Clearview Complete Kit",Clearview,,Test kit,25,3,225.0,75.0,3.0,Inverness USA,Yes,3,963.34,0.44
85592,151-NG-T30,FPQ-14989,SO-49938,DN-4245,Nigeria,PMO - US,From RDC,N/A - From RDC,Air Charter,9/19/2014,N/A - From RDC,30-Jun-15,15-Apr-15,20-Apr-15,ARV,Adult,SCMS from RDC,"Lamivudine/Nevirapine/Zidovudine 150/200/300mg, tablets, 60 Tabs",Lamivudine/Nevirapine/Zidovudine,Generic,150/300/200mg,Tablet - FDC,60,50000,386000.0,7.72,0.13,"Strides, Bangalore, India.",Yes,6201,12082,396.81
53997,151-NG-T30,FPQ-9984,SCMS-150370,ASN-17272,Nigeria,PMO - US,Direct Drop,EXW,Air,6/11/2012,6/26/2012,12-Dec-12,12-Dec-12,12-Dec-12,ARV,Adult,MYLAN LABORATORIES LTD (FORMERLY MATRIX LABORATORIES),"Atazanavir/Ritonavir 300/100mg, tablets, 30 Tabs",Atazanavir/Ritonavir,Generic,300/100mg,Tablet,30,37927,853357.5,22.5,0.75,Mylan (formerly Matrix) Nashik,Yes,5059,25732.17,1196.41
85245,114-UG-T30,FPQ-9321,SO-41520,DN-2597,Uganda,PMO - US,From RDC,N/A - From RDC,Truck,2/10/2012,N/A - From RDC,24-Apr-12,27-Feb-12,27-Feb-12,ARV,Adult,SCMS from RDC,"Lamivudine/Zidovudine 150/300mg, tablets, 60 Tabs",Lamivudine/Zidovudine,Generic,150/300mg,Tablet - FDC,60,2900,23200.0,8.0,0.13,"Aurobindo Unit III, India",No,See DN-2597 (ID#:82462),See DN-2597 (ID#:82462),32.53
82532,114-UG-T30,FPQ-10556,SO-43190,DN-2951,Uganda,PMO - US,From RDC,N/A - From RDC,Air,8/30/2012,N/A - From RDC,1-Feb-13,1-Feb-13,1-Feb-13,ARV,Adult,SCMS from RDC,"Lamivudine/Nevirapine/Zidovudine 150/200/300mg, tablets, 60 Tabs",Lamivudine/Nevirapine/Zidovudine,Generic,150/300/200mg,Tablet - FDC,60,13830,133044.6,9.62,0.16,Hetero Unit III Hyderabad IN,Yes,2400,18337.82,186.53
1956,108-VN-T01,Pre-PQ Process,SCMS-27350,ASN-2766,Vietnam,PMO - US,Direct Drop,EXW,Air,Pre-PQ Process,7/24/2008,25-Nov-08,25-Nov-08,25-Nov-08,ARV,Adult,MYLAN LABORATORIES LTD (FORMERLY MATRIX LABORATORIES),"Efavirenz 600mg, tablets, 30 Tabs",Efavirenz,Generic,600mg,Tablet,30,8400,85596.0,10.19,0.34,Mylan (formerly Matrix) Nashik,Yes,613,3247.73,167.77
36162,108-VN-T30,FPQ-10811,SCMS-164680,ASN-18665,Vietnam,PMO - US,Direct Drop,EXW,Air,10/15/2012,11/7/2012,2-Apr-13,2-Apr-13,2-Apr-13,ARV,Adult,HETERO LABS LIMITED,"Efavirenz 600mg, tablets, 30 Tabs",Efavirenz,Generic,600mg,Tablet,30,17755,57703.75,3.25,0.11,"Hetero, Jadcherla, unit 5, IN",Yes,1505,2604.31,71.38
7183,107-RW-T01,Pre-PQ Process,SCMS-25210,ASN-1966,Rwanda,PMO - US,Direct Drop,EXW,Air,Pre-PQ Process,6/12/2008,4-Jul-08,4-Jul-08,4-Jul-08,HRDT,HIV test,Premier Medical Corporation Ltd.,"HIV 1/2/O, First Response HIV 1-2.0, v.3.0 Cards Kit, 30 Tests","HIV 1/2/O, First Response HIV 1-2.0, v.3.0 Cards Kit",First Response,,Test kit,30,6180,101970.0,16.5,0.55,Premier Med. Corp Ltd. India,Yes,2130,17331.66,163.15
27269,107-RW-T30,FPQ-13852,SCMS-236481,ASN-27963,Rwanda,PMO - US,Direct Drop,FCA,Air,3/19/2014,8/6/2014,16-Sep-14,16-Sep-14,25-Sep-14,ARV,Adult,ABBVIE LOGISTICS (FORMERLY ABBOTT LOGISTICS BV),"Ritonavir 100mg [Norvir], film coated tablets, 60 Tabs",Ritonavir,Norvir,100mg,Tablet,60,1514,10370.9,6.85,0.11,ABBVIE Ludwigshafen Germany,Yes,204,1949.64,10.66
35310,161-ZA-T30,FPQ-5648,SCMS-75910,ASN-8444,South Africa,PMO - US,Direct Drop,DDP,Ocean,6/2/2010,6/17/2010,4-Nov-10,4-Nov-10,4-Nov-10,ARV,Adult,STRIDES ARCOLAB LIMITED,"Lamivudine 150mg, tablets, 60 Tabs",Lamivudine,Generic,150mg,Tablet,60,75000,186750.0,2.49,0.04,"Strides, Bangalore, India.",Yes,3755,4514.06,402.63
56165,104-CI-T30,FPQ-4698,SCMS-62980,ASN-6559,Côte d'Ivoire,PMO - US,Direct Drop,CIP,Air,12/28/2009,2/12/2010,27-Apr-10,27-Apr-10,27-Apr-10,ARV,Adult,MERCK SHARP & DOHME IDEA GMBH (FORMALLY MERCK SHARP & DOHME B.V.),"Indinavir 400mg [Crixivan], capsules, 180 Caps",Indinavir,Crixivan,400mg,Capsule,180,2000,100000.0,50.0,0.28,"MSD, Haarlem, NL",Yes,518,1434.5,215.6
36936,102-KE-T30,FPQ-6406,SCMS-88211,ASN-9547,Kenya,PMO - US,Direct Drop,EXW,Air,9/27/2010,11/22/2010,10-Feb-11,10-Feb-11,10-Feb-11,HRDT,HIV test,"Orgenics, Ltd","HIV 1/2, Determine Complete HIV Kit, 100 Tests","HIV 1/2, Determine Complete HIV Kit",Determine,,Test kit,100,8586,764154.0,89.0,0.89,Inverness Japan,Yes,1479,15519.77,1647.52
83618,102-CD-T30,FPQ-9906,SO-42340,DN-2812,"Congo, DRC",PMO - US,From RDC,N/A - From RDC,Air,5/15/2012,N/A - From RDC,14-Feb-13,14-Feb-13,14-Feb-13,ARV,Adult,SCMS from RDC,"Lamivudine/Tenofovir Disoproxil Fumarate 300/300mg, tablets, 30 Tabs",Lamivudine/Tenofovir Disoproxil Fumarate,Generic,300/300mg,Tablet - FDC,30,369,1977.84,5.36,0.18,Mylan (formerly Matrix) Nashik,No,See DN-2812 (ID#:83068),See DN-2812 (ID#:83068),2.77
36654,114-UG-T30,FPQ-7268,SCMS-104120,ASN-11026,Uganda,PMO - US,Direct Drop,DDP,Air,3/11/2011,3/25/2011,2-Jun-11,2-Jun-11,2-Jun-11,ARV,Adult,ASPEN PHARMACARE,"Etravirine 100mg [Intelence], tablets, 120 Tabs",Etravirine,Intelence,100mg,Tablet,120,27,2361.42,87.46,0.73,"Janssen-Cilag, Latina, IT",Yes,5,41,3.9
73373,101-CD-T30,FPQ-16001,SCMS-280210,ASN-31750,"Congo, DRC",PMO - US,Direct Drop,EXW,Air,3/10/2015,3/16/2015,2-Jul-15,2-Jul-15,30-Jul-15,HRDT,HIV test,"Trinity Biotech, Plc","HIV 1/2, Uni-Gold HIV Kit, 20 Tests","HIV 1/2, Uni-Gold HIV Kit",Uni-Gold,,Test kit,20,89,2848.0,32.0,1.6,"Trinity Biotech, Plc",No,See ASN-31750 (ID#:19272),See ASN-31750 (ID#:19272),3.35
47862,111-MZ-T30,FPQ-14235,SCMS-247380,ASN-29098,Mozambique,PMO - US,Direct Drop,CIP,Air,5/21/2014,7/28/2014,21-Nov-14,21-Nov-14,10-Dec-14,ARV,Adult,JANSSEN SCIENCES IRELAND UC (FORMERLY JANSSEN R&D IRELAND),"Darunavir 600mg [Prezista], tablets, 60 Tabs",Darunavir,Prezista,600mg,Tablet,60,50,2700.0,54.0,0.9,"Janssen-Cilag, Latina, IT",Yes,Weight Captured Separately,Freight Included in Commodity Cost,2.78
84620,110-ZM-T30,FPQ-6221,SO-37330,DN-2116,Zambia,PMO - US,From RDC,N/A - From RDC,Truck,8/20/2010,N/A - From RDC,11-Feb-11,15-Feb-11,15-Feb-11,ARV,Adult,SCMS from RDC,"Nevirapine 200mg, tablets, 60 Tabs",Nevirapine,Generic,200mg,Tablet,60,140000,351400.0,2.51,0.04,Hetero Unit III Hyderabad IN,Yes,8783,8045.77,757.62
81121,104-CI-T30,FPQ-14372,SCMS-250210,ASN-29261,Côte d'Ivoire,PMO - US,Direct Drop,EXW,Air,6/3/2014,7/31/2014,1-Dec-14,1-Dec-14,1-Dec-14,ARV,Adult,MYLAN LABORATORIES LTD (FORMERLY MATRIX LABORATORIES),"Atazanavir/Ritonavir 300/100mg, tablets, 30 Tabs",Atazanavir/Ritonavir,Generic,300/100mg,Tablet,30,1000,20000.0,20.0,0.67,Mylan (formerly Matrix) Nashik,Yes,140,2782.77,20.56
81200,116-ZA-T30,FPQ-5630,SCMS-72760,ASN-7111,South Africa,PMO - US,Direct Drop,DDP,Truck,4/30/2010,5/5/2010,12-May-10,12-May-10,12-May-10,ARV,Adult,S. BUYS WHOLESALER,"Abacavir 300mg [Ziagen], tablets, Blister 6 x 10 Tabs",Abacavir,Ziagen,300mg,Tablet - blister,60,200,7781.51,38.91,0.65,GSK Ware (UK),No,Weight Captured Separately,Freight Included in Commodity Cost,16.78
63719,200-UG-T30,FPQ-14628,SCMS-253240,ASN-28591,Uganda,PMO - US,Direct Drop,EXW,Air,7/23/2014,9/4/2014,14-Oct-14,14-Oct-14,15-Oct-14,HRDT,HIV test,"CHEMBIO DIAGNOSTIC SYSTEMS, INC.","HIV 1/2, Stat-Pak Dipstick Assay Kit, 30 Tests","HIV 1/2, Stat-Pak Dipstick Assay Kit",Stat-Pak,,Test kit,30,800,22080.0,27.6,0.92,Chembio Diagnostics Sys. Inc.,Yes,86,798.43,22.7
1888,107-RW-T01,Pre-PQ Process,SCMS-25520,ASN-2079,Rwanda,PMO - US,Direct Drop,CIP,Air,Pre-PQ Process,6/13/2008,23-Jul-08,22-Jul-08,22-Jul-08,ARV,Adult,Aurobindo Pharma Limited,"Lamivudine/Nevirapine/Zidovudine 150/200/300mg, tablets, 60 Tabs",Lamivudine/Nevirapine/Zidovudine,Generic,150/300/200mg,Tablet - FDC,60,47879,569281.31,11.89,0.2,"Aurobindo Unit III, India",Yes,5311,30408.04,910.85
20383,106-HT-T30,FPQ-9636,SCMS-148370,ASN-16472,Haiti,PMO - US,Direct Drop,EXW,Ocean,5/14/2012,7/3/2012,20-Dec-12,20-Dec-12,20-Dec-12,ARV,Adult,MYLAN LABORATORIES LTD (FORMERLY MATRIX LABORATORIES),"Lamivudine/Nevirapine/Zidovudine 150/200/300mg, tablets, 60 Tabs",Lamivudine/Nevirapine/Zidovudine,Generic,150/300/200mg,Tablet - FDC,60,34080,318648.0,9.35,0.16,Mylan (formerly Matrix) Nashik,Yes,4726,7208.11,446.74
82412,109-TZ-T30,FPQ-7675,SO-39753,DN-2386,Tanzania,PMO - US,From RDC,N/A - From RDC,Air,5/18/2011,N/A - From RDC,29-Nov-11,29-Nov-11,29-Nov-11,ARV,Adult,SCMS from RDC,"Efavirenz/Emtricitabine/Tenofovir Disoproxil Fumarate 600/200/300mg, tablets, 30 Tabs",Efavirenz/Emtricitabine/Tenofovir Disoproxil Fumarate,Generic,600/200/300mg,Tablet - FDC,30,4163,82926.96,19.92,0.66,Mylan (formerly Matrix) Nashik,Yes,483,2367.4,136.83
11583,111-MZ-T01,Pre-PQ Process,SO-15091,DN-989,Mozambique,PMO - US,From RDC,N/A - From RDC,Air,Pre-PQ Process,N/A - From RDC,18-Dec-08,18-Dec-08,18-Dec-08,ARV,Adult,SCMS from RDC,"Lamivudine/Nevirapine/Stavudine 150/200/30mg, tablets, 60 Tabs",Lamivudine/Nevirapine/Stavudine,Generic,150/200/30mg,Tablet - FDC,60,92950,669240.0,7.2,0.12,"Strides, Bangalore, India.",Yes,6883,7534.18,1311.71
11903,106-HT-T01,Pre-PQ Process,SO-12161,DN-892,Haiti,PMO - US,From RDC,N/A - From RDC,Air,Pre-PQ Process,N/A - From RDC,9-Sep-08,9-Sep-08,9-Sep-08,ARV,Pediatric,SCMS from RDC,"Zidovudine 10mg/ml, oral solution, Bottle, 240 ml",Zidovudine,Generic,10mg/ml,Oral solution,240,1440,3024.0,2.1,0.01,"Aurobindo Unit III, India",Yes,538,7100.67,4.84
10957,110-ZM-T01,Pre-PQ Process,SO-1993,DN-677,Zambia,PMO - US,From RDC,N/A - From RDC,Air,Pre-PQ Process,N/A - From RDC,28-Mar-08,28-Mar-08,28-Mar-08,ARV,Adult,SCMS from RDC,"Efavirenz 600mg, tablets, 30 Tabs",Efavirenz,Generic,600mg,Tablet,30,4332,53803.44,12.42,0.41,Mylan (formerly Matrix) Nashik,Yes,338,1890.76,86.09
46409,101-CD-T30,FPQ-16001,SCMS-280220,ASN-32231,"Congo, DRC",PMO - US,Direct Drop,EXW,Air,3/10/2015,3/17/2015,23-Jul-15,23-Jul-15,29-Jul-15,HRDT,HIV test,"Orgenics, Ltd","HIV 1/2, Determine Complete HIV Kit, 100 Tests","HIV 1/2, Determine Complete HIV Kit",Determine,,Test kit,100,552,44160.0,80.0,0.8,"Alere Medical Co., Ltd.",No,See ASN-32231 (ID#:13648),See ASN-32231 (ID#:13648),51.98
85896,114-UG-T30,FPQ-9355,SO-41595,DN-2828,Uganda,PMO - US,From RDC,N/A - From RDC,Truck,2/20/2012,N/A - From RDC,24-Sep-12,24-Sep-12,24-Sep-12,ARV,Adult,SCMS from RDC,"Lamivudine/Zidovudine 150/300mg, tablets, 60 Tabs",Lamivudine/Zidovudine,Generic,150/300mg,Tablet - FDC,60,1319,10552.0,8.0,0.13,Hetero Unit III Hyderabad IN,Yes,108,1618.01,14.79
83285,110-ZM-T30,FPQ-14162,SO-48691,DN-3979,Zambia,PMO - US,From RDC,N/A - From RDC,Truck,4/24/2014,N/A - From RDC,31-Dec-14,19-Nov-14,24-Nov-14,ARV,Adult,SCMS from RDC,"Zidovudine 300mg, tablets, 60 Tabs",Zidovudine,Generic,300mg,Tablet,60,13709,74439.87,5.43,0.09,"Aurobindo Unit III, India",Yes,797,3340.5,76.52
72572,102-BW-T30,FPQ-6652,SCMS-93790,ASN-9739,Botswana,PMO - US,Direct Drop,EXW,Air,11/19/2010,12/9/2010,14-Mar-11,14-Mar-11,14-Mar-11,HRDT,HIV test,"SHANGHAI KEHUA BIOENGINEERING CO.,LTD.  (KHB)","HIV 1/2, SKB Colloidal Gold, Diagnostic Kit, Antibody, 50 Tests","HIV 1/2, Colloidal Gold, Diagnostic Kit, Antibody",Colloidal Gold,,Test kit,1,20,460.0,23.0,23.0,"KHB Test Kit Facility, Shanghai China",Yes,16,486.18,0.76
82987,111-MZ-T30,FPQ-8157,SO-40330,DN-2417,Mozambique,PMO - US,From RDC,N/A - From RDC,Truck,8/4/2011,N/A - From RDC,30-Nov-11,14-Dec-11,14-Dec-11,ARV,Pediatric,SCMS from RDC,"Zidovudine 10mg/ml, oral solution w/syringe, Bottle, 240 ml",Zidovudine,Generic,10mg/ml,Oral solution,240,2350,4935.0,2.1,0.01,"Aurobindo Unit III, India",Yes,904,573.43,8.14
69505,116-ZA-T30,FPQ-12522,SCMS-199289,ASN-28033,South Africa,PMO - US,Direct Drop,DDP,Truck,7/11/2013,8/29/2014,29-Aug-14,29-Aug-14,29-Aug-14,ARV,Adult,S. BUYS WHOLESALER,"Lamivudine/Nevirapine/Stavudine 150/200/30mg, tablets, 60 Tabs",Lamivudine/Nevirapine/Stavudine,Generic,150/200/30mg,Tablet - FDC,60,19,574.65,30.24,0.5,"Cipla, Goa, India",No,Weight Captured Separately,Freight Included in Commodity Cost,0.71
75717,152-HT-T30,FPQ-9005,SCMS-132020,ASN-14227,Haiti,PMO - US,Direct Drop,DDU,Air,12/14/2011,1/19/2012,6-Mar-12,6-Mar-12,6-Mar-12,HRDT,HIV test,REINBOLD EXPORT IMPORT,"HIV 1/2, Determine Complete HIV Kit, 100 Tests","HIV 1/2, Determine Complete HIV Kit",Determine,,Test kit,100,21,2625.0,125.0,1.25,Inverness Japan,Yes,Weight Captured Separately,Freight Included in Commodity Cost,3.68
51504,102-SS-T30,FPQ-9038,SCMS-137190,ASN-14092,South Sudan,PMO - US,Direct Drop,EXW,Air,1/17/2012,2/15/2012,18-Apr-12,18-Apr-12,18-Apr-12,HRDT,HIV test,"Orgenics, Ltd","HIV 1/2, Determine Complete HIV Kit, 100 Tests","HIV 1/2, Determine Complete HIV Kit",Determine,,Test kit,100,339,30171.0,89.0,0.89,"Alere Medical Co., Ltd.",No,See ASN-14092 (ID#:39053),See ASN-14092 (ID#:39053),42.3
15813,111-MZ-T30,FPQ-13395,SCMS-219220,ASN-25454,Mozambique,PMO - US,Direct Drop,EXW,Air,12/11/2013,12/17/2013,2-May-14,2-May-14,7-May-14,ARV,Adult,HETERO LABS LIMITED,"Lamivudine/Nevirapine/Zidovudine 150/200/300mg, tablets, 60 Tabs",Lamivudine/Nevirapine/Zidovudine,Generic,150/300/200mg,Tablet - FDC,60,23040,186854.4,8.11,0.14,Hetero Unit III Hyderabad IN,Yes,3138,16537.12,192.09
10910,104-CI-T01,Pre-PQ Process,SO-1446,DN-504,Côte d'Ivoire,PMO - US,From RDC,N/A - From RDC,Air,Pre-PQ Process,N/A - From RDC,24-Jan-08,24-Jan-08,24-Jan-08,ARV,Pediatric,SCMS from RDC,"Abacavir 20mg/ml, [DON] oral solution, Bottle, 240 ml",Abacavir,Generic,20mg/ml,Oral solution,240,3119,0.0,0.0,0.0,"Aurobindo Unit III, India",Yes,1088,2951.94,0.0
12183,105-GY-T01,Pre-PQ Process,SO-11630,DN-841,Guyana,PMO - US,From RDC,N/A - From RDC,Air,Pre-PQ Process,N/A - From RDC,25-Jul-08,25-Jul-08,25-Jul-08,ARV,Adult,SCMS from RDC,"Nevirapine 200mg, tablets, 60 Tabs",Nevirapine,Generic,200mg,Tablet,60,3710,12614.0,3.4,0.06,"Aurobindo Unit III, India",No,See DN-841 (ID#:11540),See DN-841 (ID#:11540),20.18
41892,108-VN-T30,FPQ-12051,SCMS-188710,ASN-21667,Vietnam,PMO - US,Direct Drop,EXW,Air,5/3/2013,5/15/2013,28-Sep-13,28-Sep-13,28-Sep-13,ARV,Adult,HETERO LABS LIMITED,"Zidovudine 300mg, tablets, 60 Tabs",Zidovudine,Generic,300mg,Tablet,60,497,2857.75,5.75,0.1,Hetero Unit III Hyderabad IN,Yes,117,658.27,3.54
12278,151-NG-T01,Pre-PQ Process,SO-30021,DN-1217,Nigeria,PMO - US,From RDC,N/A - From RDC,Air Charter,Pre-PQ Process,N/A - From RDC,8-May-09,8-May-09,8-May-09,ARV,Adult,SCMS from RDC,"Emtricitabine/Tenofovir Disoproxil Fumarate 200/300mg [Truvada], tablets, 30 Tabs",Emtricitabine/Tenofovir Disoproxil Fumarate,Truvada,300/200mg,Tablet - FDC,30,27439,720273.75,26.25,0.88,"Aspen-OSD, Port Elizabeth, SA",Yes,2561,15128.47,1411.74
74320,106-HT-T30,FPQ-12590,SCMS-210510,ASN-24412,Haiti,PMO - US,Direct Drop,EXW,Ocean,8/21/2013,10/25/2013,9-May-14,9-May-14,12-May-14,ARV,Adult,HETERO LABS LIMITED,"Nevirapine 200mg, tablets, 60 Tabs",Nevirapine,Generic,200mg,Tablet,60,10725,23595.0,2.2,0.04,Hetero Unit III Hyderabad IN,No,See ASN-24412 (ID#:64757),See ASN-24412 (ID#:64757),29.19
9353,102-BW-T01,Pre-PQ Process,SCMS-10390,ASN-644,Botswana,PMO - US,Direct Drop,EXW,Air,Pre-PQ Process,7/31/2007,31-Aug-07,31-Aug-07,31-Aug-07,HRDT,HIV test,Orasure Technologies Inc.,"HIV 1/2, OraQuick Advance HIV Rapid Antibody Kit, 100 Tests","HIV 1/2, OraQuick Advance HIV Rapid Antibody Kit",OraQuick,,Test kit,100,10,3500.0,350.0,3.5,"Pacific Biotech, Thailand",Yes,24,1091.64,5.6
67308,107-RW-T30,FPQ-15695,SCMS-276400,ASN-31756,Rwanda,PMO - US,Direct Drop,FCA,Air,1/15/2015,2/23/2015,11-May-15,11-May-15,11-May-15,ARV,Pediatric,ABBVIE LOGISTICS (FORMERLY ABBOTT LOGISTICS BV),"Lopinavir/Ritonavir 100/25mg [Aluvia], tablets, 60 Tabs",Lopinavir/Ritonavir,Generic,100/25mg,Tablet,60,642,3813.48,5.94,0.1,ABBVIE Ludwigshafen Germany,Yes,83,929.85,4.49
42221,108-VN-T30,FPQ-4265,SCMS-57130,ASN-6266,Vietnam,PMO - US,Direct Drop,EXW,Air,10/20/2009,11/13/2009,19-Mar-10,19-Mar-10,19-Mar-10,ARV,Adult,Aurobindo Pharma Limited,"Abacavir 300mg, tablets, 60 Tabs",Abacavir,Generic,300mg,Tablet,60,200,3780.0,18.9,0.32,"Aurobindo Unit III, India",No,See ASN-6266 (ID#:15368),See ASN-6266 (ID#:15368),7.41
11223,106-HT-T01,Pre-PQ Process,SO-1287,DN-614,Haiti,PMO - US,From RDC,N/A - From RDC,Air,Pre-PQ Process,N/A - From RDC,4-Mar-08,21-Feb-08,21-Feb-08,ARV,Adult,SCMS from RDC,"Stavudine 15mg, capsules, 60 Caps",Stavudine,Generic,15mg,Capsule,60,120,180.0,1.5,0.02,"Aurobindo Unit III, India",No,See DN-614 (ID#:11219),See DN-614 (ID#:11219),0.29
86747,107-RW-T30,FPQ-14111,SO-48790,DN-4012,Rwanda,PMO - US,From RDC,N/A - From RDC,Truck,4/22/2014,N/A - From RDC,16-Feb-15,14-Jan-15,19-Jan-15,ARV,Adult,SCMS from RDC,"Abacavir/Lamivudine 600/300mg, tablets, 30 Tabs",Abacavir/Lamivudine,Generic,600/300mg,Tablet - FDC,30,49270,666130.4,13.52,0.45,Mylan (formerly Matrix) Nashik,No,See DN-4012 (ID#:82755),See DN-4012 (ID#:82755),684.78
13544,104-CI-T30,FPQ-14372,SCMS-246550,ASN-29074,Côte d'Ivoire,PMO - US,Direct Drop,FCA,Air,6/3/2014,7/31/2014,3-Nov-14,3-Nov-14,7-Nov-14,ARV,Pediatric,ABBVIE LOGISTICS (FORMERLY ABBOTT LOGISTICS BV),"Lopinavir/Ritonavir 80/20mg/ml [Kaletra], oral solution, cool, Bottle 5 x 60 ml",Lopinavir/Ritonavir,Kaletra,80/20mg/ml,Oral solution,300,500,15410.0,30.82,0.1,ABBVIE (Abbott) Logis. UK,Yes,505,6523.85,15.84
59074,116-ZA-T30,FPQ-13973,SCMS-238552,ASN-27606,South Africa,PMO - US,Direct Drop,DDP,Truck,4/30/2014,8/5/2014,5-Aug-14,5-Aug-14,5-Aug-14,ARV,Adult,PHARMACY DIRECT,"Tenofovir Disoproxil Fumarate 300mg, tablets, 30 Tabs",Tenofovir Disoproxil Fumarate,Generic,300mg,Tablet,30,73,1319.03,18.07,0.6,Mylan (formerly Matrix) Nashik,No,Weight Captured Separately,Freight Included in Commodity Cost,1.36
85728,110-ZM-T30,FPQ-6221,SO-37340,DN-2072,Zambia,PMO - US,From RDC,N/A - From RDC,Truck,8/20/2010,N/A - From RDC,15-Nov-10,10-Dec-10,10-Dec-10,ARV,Adult,SCMS from RDC,"Nevirapine 200mg, tablets, 60 Tabs",Nevirapine,Generic,200mg,Tablet,60,10000,26600.0,2.66,0.04,Hetero Unit III Hyderabad IN,No,See DN-2072 (ID#:83472),See DN-2072 (ID#:83472),57.35
40479,109-TZ-T30,FPQ-14049,SCMS-239390,ASN-26381,Tanzania,PMO - US,Direct Drop,FCA,Air,4/11/2014,5/16/2014,30-Sep-14,30-Sep-14,7-Oct-14,ARV,Pediatric,ABBVIE LOGISTICS (FORMERLY ABBOTT LOGISTICS BV),"Lopinavir/Ritonavir 80/20mg/ml [Kaletra], oral solution, cool, Bottle 5 x 60 ml",Lopinavir/Ritonavir,Kaletra,80/20mg/ml,Oral solution,300,304,9369.28,30.82,0.1,ABBVIE (Abbott) Logis. UK,Yes,278,5656.74,9.63
28240,200-ZW-T30,FPQ-6488,SCMS-90630,ASN-9386,Zimbabwe,PMO - US,Direct Drop,FCA,Air,10/26/2010,11/10/2010,17-Mar-11,17-Mar-11,17-Mar-11,ARV,Pediatric,ABBVIE LOGISTICS (FORMERLY ABBOTT LOGISTICS BV),"Lopinavir/Ritonavir 80/20mg/ml [Kaletra], oral solution, cool, Bottle 5 x 60 ml",Lopinavir/Ritonavir,Kaletra,80/20mg/ml,Oral solution,300,2166,78322.56,36.16,0.12,ABBVIE (Abbott) Logis. UK,Yes,2480,18756.25,168.86
83198,151-NG-T30,FPQ-12248,SO-45662,DN-3476,Nigeria,PMO - US,From RDC,N/A - From RDC,Air Charter,5/6/2013,N/A - From RDC,17-Jan-14,10-Jan-14,16-Jan-14,ARV,Adult,SCMS from RDC,"Lamivudine/Nevirapine/Zidovudine 150/200/300mg, tablets, 60 Tabs",Lamivudine/Nevirapine/Zidovudine,Generic,150/300/200mg,Tablet - FDC,60,100000,858000.0,8.58,0.14,"Cipla, Goa, India",Yes,38992,49199.75,1061.35
42506,900-UG-T30,FPQ-10089,SCMS-149412,ASN-15775,Uganda,PMO - US,Direct Drop,EXW,Air,6/7/2012,6/12/2012,3-Aug-12,3-Aug-12,3-Aug-12,ARV,Adult,HETERO LABS LIMITED,"Lamivudine/Tenofovir Disoproxil Fumarate 300/300mg, tablets, 30 Tabs",Lamivudine/Tenofovir Disoproxil Fumarate,Generic,300/300mg,Tablet - FDC,30,66960,320738.4,4.79,0.16,Hetero Unit III Hyderabad IN,Yes,7549,26095.99,449.68
7847,119-NA-T01,Pre-PQ Process,SCMS-45620,ASN-4511,Namibia,PMO - US,Direct Drop,EXW,Air,Pre-PQ Process,5/8/2009,18-Aug-09,18-Aug-09,18-Aug-09,ARV,Pediatric,CIPLA LIMITED,"Lamivudine/Nevirapine/Stavudine 30/50/6mg, dispersible tablets, 60 Tabs",Lamivudine/Nevirapine/Stavudine,Generic,30/50/6mg,Chewable/dispersible tablet - FDC,60,1812,4348.8,2.4,0.04,"Cipla, Goa, India",No,See ASN-4511 (ID#:2571),See ASN-4511 (ID#:2571),8.52
37251,102-SD-T30,FPQ-6991,SCMS-100301,ASN-10451,Sudan,PMO - US,Direct Drop,EXW,Air,2/5/2011,3/2/2011,29-Apr-11,29-Apr-11,29-Apr-11,HRDT,HIV test - Ancillary,"Standard Diagnostics, Inc.","HIV 1/2, Bioline 3.0 Diluent, 25 Tests, Bottle x 5 ml","HIV 1/2, Bioline 3.0 Diluent, 25 Tests",Bioline,,Test kit - Ancillary,1,13,11.7,0.9,0.9,"Standard Diagnostics, Korea",Yes,1,137.5,0.02
27460,108-VN-T30,FPQ-13524,SCMS-226220,ASN-26923,Vietnam,PMO - US,Direct Drop,EXW,Air,2/6/2014,3/10/2014,29-Jul-14,29-Jul-14,6-Aug-14,ARV,Adult,HETERO LABS LIMITED,"Abacavir 300mg, tablets, 60 Tabs",Abacavir,Generic,300mg,Tablet,60,1600,18320.0,11.45,0.19,Hetero Unit III Hyderabad IN,No,See ASN-26923 (ID#:13027),See ASN-26923 (ID#:13027),18.83
11879,123-NG-T01,Pre-PQ Process,SO-2552,DN-834,Nigeria,PMO - US,From RDC,N/A - From RDC,Air,Pre-PQ Process,N/A - From RDC,16-Jul-08,16-Jul-08,16-Jul-08,ARV,Adult,SCMS from RDC,"Zidovudine 300mg, tablets, 60 Tabs",Zidovudine,Generic,300mg,Tablet,60,5641,45974.15,8.15,0.14,"Aurobindo Unit III, India",No,See DN-834 (ID#:10686),See DN-834 (ID#:10686),73.56
45147,114-UG-T30,FPQ-15303,SCMS-264980,ASN-33165,Uganda,PMO - US,Direct Drop,EXW,Air,11/11/2014,11/25/2014,27-Jul-15,27-Jul-15,28-Jul-15,ARV,Adult,EMCURE PHARMACEUTICALS LTD,"Atazanavir/Ritonavir 300/100mg, tablets, 30 Tabs",Atazanavir/Ritonavir,Generic,300/100mg,Tablet,30,6907,124326.0,18.0,0.6,"Emcure Plot No.P-2, I.T-B.T. Park, Phase II, MIDC, Hinjwadi, Pune, India",Yes,Weight Captured Separately,Invoiced Separately,146.33
54385,116-ZA-T30,FPQ-14942,SCMS-259079,ASN-33851,South Africa,PMO - US,Direct Drop,DDP,Truck,9/11/2014,10/9/2014,24-Aug-15,24-Aug-15,24-Aug-15,ARV,Pediatric,PHARMACY DIRECT,"Efavirenz 200mg, capsule, 90 Caps",Efavirenz,Generic,200mg,Capsule,90,47,857.74,18.25,0.2,"Aurobindo Unit III, India",No,Weight Captured Separately,Freight Included in Commodity Cost,0.88
47666,116-ZA-T30,FPQ-14942,SCMS-259078,ASN-33470,South Africa,PMO - US,Direct Drop,DDP,Truck,9/11/2014,10/9/2014,24-Jul-15,24-Jul-15,24-Jul-15,ARV,Adult,PHARMACY DIRECT,"Didanosine 400mg, delayed-release capsules, 30 Caps",Didanosine,Generic,400mg,Delayed-release capsules,30,8,122.18,15.27,0.51,"Aurobindo Unit III, India",No,Weight Captured Separately,Freight Included in Commodity Cost,0.13
10960,109-TZ-T01,Pre-PQ Process,SO-1695,DN-663,Tanzania,PMO - US,From RDC,N/A - From RDC,,Pre-PQ Process,N/A - From RDC,22-Apr-08,23-Apr-08,23-Apr-08,ARV,Adult,SCMS from RDC,"Lamivudine/Zidovudine 150/300mg, tablets, 60 Tabs",Lamivudine/Zidovudine,Generic,150/300mg,Tablet - FDC,60,51364,487958.0,9.5,0.16,"Aurobindo Unit III, India",Yes,5372,16430.72,780.73
10793,104-CI-T01,Pre-PQ Process,SO-32210,DN-1401,Côte d'Ivoire,PMO - US,From RDC,N/A - From RDC,Air,Date Not Captured,N/A - From RDC,8-Sep-09,8-Sep-09,8-Sep-09,ARV,Adult,SCMS from RDC,"Stavudine 15mg, capsules, 60 Caps",Stavudine,Generic,15mg,Capsule,60,1216,1824.0,1.5,0.02,"Aurobindo Unit III, India",Yes,3426,9797.41,3.58
21897,117-ET-T30,FPQ-9096,SCMS-133340,ASN-15539,Ethiopia,PMO - US,Direct Drop,EXW,Air,1/5/2012,1/23/2012,21-Aug-12,21-Aug-12,21-Aug-12,HRDT,HIV test,"Trinity Biotech, Plc","HIV 1/2, Uni-Gold HIV Kit, 20 Tests","HIV 1/2, Uni-Gold HIV Kit",Uni-Gold,,Test kit,20,27,864.0,32.0,1.6,"Trinity Biotech, Plc",Yes,10,512.31,1.21
52049,102-KE-T30,FPQ-7498,SCMS-106790,ASN-11121,Kenya,PMO - US,Direct Drop,EXW,Air,3/30/2011,4/21/2011,8-Jul-11,8-Jul-11,8-Jul-11,HRDT,HIV test,"Orgenics, Ltd","HIV 1/2, Determine Complete HIV Kit, 100 Tests","HIV 1/2, Determine Complete HIV Kit",Determine,,Test kit,100,10000,890000.0,89.0,0.89,Inverness Japan,Yes,2951,31923.61,1468.5
7259,102-GY-T01,Pre-PQ Process,SCMS-27030,ASN-2639,Guyana,PMO - US,Direct Drop,EXW,Air,Pre-PQ Process,8/21/2008,29-Oct-08,13-Oct-08,13-Oct-08,HRDT,HIV test - Ancillary,"Orgenics, Ltd","HIV, Lancet, Safety, for HIV Test kits, 100 Pcs","HIV, Lancet, Safety, for HIV Test kits, 100 Pcs",Generic,,Test kit - Ancillary,100,213,2.13,0.01,0.0,Inverness Japan,Yes,14,180,0.0
83475,106-HT-T30,FPQ-6484,SO-37760,DN-2073,Haiti,PMO - US,From RDC,N/A - From RDC,Air,10/13/2010,N/A - From RDC,20-Dec-10,5-Jan-11,5-Jan-11,ARV,Pediatric,SCMS from RDC,"Zidovudine 100mg, capsules, 100 Caps",Zidovudine,Generic,100mg,Capsule,100,2583,12501.72,4.84,0.05,"Aurobindo Unit III, India",No,See DN-2073 (ID#:82362),See DN-2073 (ID#:82362),26.95
38951,116-ZA-T30,FPQ-14942,SCMS-259079,ASN-33852,South Africa,PMO - US,Direct Drop,DDP,Truck,9/11/2014,10/9/2014,24-Aug-15,24-Aug-15,24-Aug-15,ARV,Adult,PHARMACY DIRECT,"Didanosine 400mg, delayed-release capsules, 30 Caps",Didanosine,Generic,400mg,Delayed-release capsules,30,9,137.45,15.27,0.51,"Aurobindo Unit III, India",No,Weight Captured Separately,Freight Included in Commodity Cost,0.14
84413,111-MZ-T30,FPQ-14226,SO-48884,DN-3944,Mozambique,PMO - US,From RDC,N/A - From RDC,Truck,5/2/2014,N/A - From RDC,31-Dec-14,28-Oct-14,13-Nov-14,ARV,Adult,SCMS from RDC,"Tenofovir Disoproxil Fumarate 300mg, tablets, 30 Tabs",Tenofovir Disoproxil Fumarate,Generic,300mg,Tablet,30,80,302.4,3.78,0.13,Hetero Unit III Hyderabad IN,No,See DN-3944 (ID#:82733),See DN-3944 (ID#:82733),0.31
11715,102-GY-T01,Pre-PQ Process,SO-509,DN-128,Guyana,PMO - US,From RDC,N/A - From RDC,,Pre-PQ Process,N/A - From RDC,7-Jun-07,7-Jun-07,7-Jun-07,HRDT,HIV test,SCMS from RDC,"HIV 1/2, Determine Complete HIV Kit, 100 Tests","HIV 1/2, Determine Complete HIV Kit",Determine,,Test kit,100,100,8000.0,80.0,0.8,ABBVIE GmbH & Co.KG Wiesbaden,Yes,32,944.67,
465,102-NG-T01,Pre-PQ Process,SCMS-21540,ASN-2011,Nigeria,PMO - US,Direct Drop,EXW,Air,Pre-PQ Process,Date Not Captured,9-Jul-08,4-Jul-08,4-Jul-08,HRDT,HIV test - Ancillary,"Orgenics, Ltd","HIV, Lancet, Safety, for HIV Test kits, 100 Pcs","HIV, Lancet, Safety, for HIV Test kits, 100 Pcs",Generic,,Test kit - Ancillary,100,5498,54.98,0.01,0.0,Inverness Japan,Yes,Weight Captured Separately,Invoiced Separately,0.09
11404,110-ZM-T01,Pre-PQ Process,SO-230,DN-165,Zambia,PMO - US,From RDC,N/A - From RDC,,Pre-PQ Process,N/A - From RDC,5-Jun-07,5-Jun-07,5-Jun-07,ARV,Adult,SCMS from RDC,"Nevirapine 200mg, tablets, 60 Tabs",Nevirapine,Generic,200mg,Tablet,60,33333,122332.11,3.67,0.06,"Aurobindo Unit III, India",Yes,3118,Freight Included in Commodity Cost,
50730,106-HT-T30,FPQ-9066,SCMS-138600,ASN-15150,Haiti,PMO - US,Direct Drop,FCA,Air,1/6/2012,2/24/2012,13-Jun-12,13-Jun-12,13-Jun-12,ARV,Pediatric,LAWRENCE LABORATORIES (SUBSIDIARY OF BRISTOL MYERS SQUIBB),"Didanosine 25mg [Videx], chewable tablets, 60 Tabs",Didanosine,Videx,25mg,Chewable/dispersible tablet,60,120,840.0,7.0,0.12,Bristol-Myers Squibb Anagni IT,Yes,26,575.17,1.18
75091,153-NA-T30,FPQ-8795,SCMS-131100,ASN-13763,Namibia,PMO - US,Direct Drop,EXW,Air,12/5/2011,1/12/2012,14-Feb-12,14-Feb-12,14-Feb-12,HRDT,HIV test,"Trinity Biotech, Plc","HIV 1/2, Uni-Gold HIV Kit, 20 Tests","HIV 1/2, Uni-Gold HIV Kit",Uni-Gold,,Test kit,20,728,23296.0,32.0,1.6,"Trinity Biotech, Plc",Yes,238,2789.67,32.66
13476,111-MZ-T30,FPQ-4107,SCMS-53520,ASN-6395,Mozambique,PMO - US,Direct Drop,CIP,Air,9/2/2009,9/24/2009,19-Mar-10,19-Mar-10,19-Mar-10,ARV,Adult,INTERNATIONAL HEALTHCARE DISTRIBUTORS,"Ritonavir 100mg [Norvir], capsules, cool, 84 Caps",Ritonavir,Norvir,100mg,Capsule,84,520,5366.4,10.32,0.12,ABBVIE (Abbott) France,Yes,149,Freight Included in Commodity Cost,10.52
47089,116-ZA-T30,FPQ-11828,SCMS-183950,ASN-19166,South Africa,South Africa Field Office,Direct Drop,DDP,Truck,3/18/2013,Date Not Captured,16-Apr-13,16-Apr-13,16-Apr-13,ARV,Pediatric,S. BUYS WHOLESALER,"Lamivudine 10mg/ml, oral solution, Bottle, 240 ml",Lamivudine,Generic,10mg/ml,Oral solution,240,517,2812.74,5.44,0.02,"Cipla, Goa, India",No,Weight Captured Separately,Freight Included in Commodity Cost,3.48
12255,117-ET-T01,Pre-PQ Process,SO-22000,DN-1060,Ethiopia,PMO - US,From RDC,N/A - From RDC,Air,Pre-PQ Process,N/A - From RDC,18-Feb-09,18-Feb-09,18-Feb-09,ARV,Adult,SCMS from RDC,"Lamivudine/Stavudine 150/30mg, tablets, 60 Tabs",Lamivudine/Stavudine,Generic,150/30mg,Tablet - FDC,60,27000,102600.0,3.8,0.06,Mylan (formerly Matrix) Nashik,No,See DN-1060 (ID#:11618),See DN-1060 (ID#:11618),201.1
85381,109-TZ-T30,FPQ-12015,SO-44992,DN-3255,Tanzania,PMO - US,From RDC,N/A - From RDC,Truck,4/2/2013,N/A - From RDC,11-Sep-13,11-Sep-13,11-Sep-13,ARV,Pediatric,SCMS from RDC,"Abacavir/Lamivudine 60/30mg, tablets, 60 Tabs",Abacavir/Lamivudine,Generic,60/30mg,Tablet - FDC,60,578,2312.0,4.0,0.07,Mylan (formerly Matrix) Nashik,Yes,24,1506.5,2.86
20690,200-ZW-T30,FPQ-6488,SCMS-90651,ASN-10895,Zimbabwe,PMO - US,Direct Drop,FCA,Air,10/26/2010,11/10/2010,4-Aug-11,4-Aug-11,4-Aug-11,ARV,Pediatric,ABBVIE LOGISTICS (FORMERLY ABBOTT LOGISTICS BV),"Lopinavir/Ritonavir 80/20mg/ml [Kaletra], oral solution, cool, Bottle 5 x 60 ml",Lopinavir/Ritonavir,Kaletra,80/20mg/ml,Oral solution,300,1083,39161.28,36.16,0.12,ABBVIE (Abbott) Logis. UK,Yes,1042,17912.6,84.43
40209,104-CI-T30,FPQ-6897,SCMS-101001,ASN-11637,Côte d'Ivoire,PMO - US,Direct Drop,FCA,Air,1/5/2011,4/1/2011,18-Aug-11,18-Aug-11,18-Aug-11,ARV,Adult,ABBVIE LOGISTICS (FORMERLY ABBOTT LOGISTICS BV),"Lopinavir/Ritonavir 200/50mg [Aluvia], tablets, 120 Tabs",Lopinavir/Ritonavir,Aluvia,200/50mg,Tablet,120,16695,562621.5,33.7,0.28,ABBVIE Ludwigshafen Germany,Yes,4113,30130.82,928.33
3976,110-ZM-T01,Pre-PQ Process,SCMS-352,ASN-200,Zambia,PMO - US,Direct Drop,EXW,Air,Pre-PQ Process,Date Not Captured,20-Feb-07,20-Feb-07,20-Feb-07,HRDT,HIV test,"Standard Diagnostics, Inc.","HIV 1/2, Bioline 3.0 Kit, Lancets, Capillary pipets, Alcohol swabs included, 25 Tests","HIV 1/2, Bioline 3.0 Kit, Lancets, Capillary pipets, Alcohol swabs included",Bioline,,Test kit,25,400,8000.0,20.0,0.8,"Standard Diagnostics, Korea",Yes,134,963.73,
83978,110-ZM-T30,FPQ-4273,SO-33690,DN-1643,Zambia,PMO - US,From RDC,N/A - From RDC,Truck,9/17/2009,N/A - From RDC,15-Mar-10,5-Mar-10,5-Mar-10,ARV,Adult,SCMS from RDC,"Nevirapine 200mg, tablets, 60 Tabs",Nevirapine,Generic,200mg,Tablet,60,50000,136500.0,2.73,0.05,"Cipla, Goa, India",No,See DN-1643 (ID#:82293),See DN-1643 (ID#:82293),267.54
14180,110-ZM-T30,FPQ-14081,SCMS-238950,ASN-26391,Zambia,PMO - US,Direct Drop,EXW,Air,4/15/2014,5/16/2014,28-Jul-14,28-Jul-14,15-Aug-14,HRDT,HIV test,"Trinity Biotech, Plc","HIV 1/2, Uni-Gold HIV Kit, 20 Tests","HIV 1/2, Uni-Gold HIV Kit",Uni-Gold,,Test kit,20,9500,304000.0,32.0,1.6,"Trinity Biotech, Plc",Yes,2783,20621.1,312.51
10714,111-MZ-T01,Pre-PQ Process,SO-15082,DN-1036,Mozambique,PMO - US,From RDC,N/A - From RDC,Air,Pre-PQ Process,N/A - From RDC,26-Feb-09,21-Feb-09,21-Feb-09,ARV,Adult,SCMS from RDC,"Lamivudine/Nevirapine/Stavudine 150/200/30mg, tablets, 60 Tabs",Lamivudine/Nevirapine/Stavudine,Generic,150/200/30mg,Tablet - FDC,60,32067,230882.4,7.2,0.12,"Strides, Bangalore, India.",Yes,2382,3671.92,452.53
74694,116-ZA-T30,FPQ-14942,SCMS-259074,ASN-31070,South Africa,PMO - US,Direct Drop,DDP,Truck,9/11/2014,3/9/2015,9-Mar-15,9-Mar-15,9-Mar-15,ARV,Pediatric,PHARMACY DIRECT,"Efavirenz 200mg, capsule, 90 Caps",Efavirenz,Generic,200mg,Capsule,90,3,51.12,17.04,0.19,"Aurobindo Unit III, India",No,Weight Captured Separately,Freight Included in Commodity Cost,0.05
23842,116-ZA-T30,FPQ-12522,SCMS-199289,ASN-28034,South Africa,PMO - US,Direct Drop,DDP,Truck,7/11/2013,8/29/2014,29-Aug-14,29-Aug-14,29-Aug-14,ARV,Adult,S. BUYS WHOLESALER,"Lopinavir/Ritonavir 200/50mg [Aluvia], tablets, 120 Tabs",Lopinavir/Ritonavir,Aluvia,200/50mg,Tablet,120,101,2601.73,25.76,0.21,ABBVIE Ludwigshafen Germany,No,Weight Captured Separately,Freight Included in Commodity Cost,3.22
16085,122-HT-T30,FPQ-8635,SCMS-132180,ASN-13412,Haiti,PMO - US,Direct Drop,EXW,Air,12/7/2011,12/30/2011,18-Jan-12,18-Jan-12,18-Jan-12,ANTM,Malaria,AMSTELFARMA B.V.,"Mefloquine 250mg (as hydrochloride), tablets, 100 Tabs",Mefloquine (as hydrochloride),Generic,250mg,Tablet,100,100,8905.0,89.05,0.89,"Medochemie Factory A, CY",Yes,1173,7019.07,12.48
5113,107-RW-T01,Pre-PQ Process,SCMS-43900,ASN-4553,Rwanda,PMO - US,Direct Drop,CIP,Air,Pre-PQ Process,7/15/2009,12-Aug-09,12-Aug-09,12-Aug-09,ARV,Adult,HETERO LABS LIMITED,"Efavirenz 600mg, tablets, 30 Tabs",Efavirenz,Generic,600mg,Tablet,30,28034,195677.32,6.98,0.23,Hetero Unit III Hyderabad IN,Yes,2268,19023.36,383.53
86406,111-MZ-T30,FPQ-7053,SO-38691,DN-2330,Mozambique,PMO - US,From RDC,N/A - From RDC,Truck,1/24/2011,N/A - From RDC,30-Nov-11,30-Nov-11,30-Nov-11,ARV,Pediatric,SCMS from RDC,"Zidovudine 10mg/ml, oral solution w/syringe, Bottle, 240 ml",Zidovudine,Generic,10mg/ml,Oral solution,240,1822,3680.44,2.02,0.01,"Aurobindo Unit III, India",Yes,707,826.26,6.07
82622,104-CI-T30,FPQ-11253,SO-44212,DN-3430,Côte d'Ivoire,PMO - US,From RDC,N/A - From RDC,Truck,12/14/2012,N/A - From RDC,29-Nov-13,10-Dec-13,8-Jan-14,ARV,Adult,SCMS from RDC,"Lopinavir/Ritonavir 200/50mg, tablets, 120 Tabs",Lopinavir/Ritonavir,Generic,200/50mg,Tablet,120,1784,37464.0,21.0,0.18,Mylan (formerly Matrix) Nashik,Yes,475,3332.73,46.34
55520,117-ET-T30,FPQ-9096,SCMS-133390,ASN-13875,Ethiopia,PMO - US,Direct Drop,EXW,Air,1/5/2012,1/23/2012,14-Mar-12,14-Mar-12,14-Mar-12,HRDT,HIV test,"SHANGHAI KEHUA BIOENGINEERING CO.,LTD.  (KHB)","HIV 1/2, SKB Colloidal Gold, Diagnostic Kit, Antibody, 50 Tests","HIV 1/2, Colloidal Gold, Diagnostic Kit, Antibody",Colloidal Gold,,Test kit,1,175,4287.5,24.5,24.5,"KHB Test Kit Facility, Shanghai China",Yes,1,1437.62,6.01
83552,109-TZ-T30,FPQ-8297,SO-40601,DN-2483,Tanzania,PMO - US,From RDC,N/A - From RDC,Truck,8/22/2011,N/A - From RDC,29-Feb-12,5-Feb-12,5-Feb-12,ARV,Adult,SCMS from RDC,"Efavirenz 600mg, tablets, 30 Tabs",Efavirenz,Generic,600mg,Tablet,30,65000,274300.0,4.22,0.14,"Aurobindo Unit III, India",No,Weight Captured Separately,Freight Included in Commodity Cost,452.6
84844,111-MZ-T30,FPQ-11884,SO-44863,DN-3289,Mozambique,PMO - US,From RDC,N/A - From RDC,Truck,3/19/2013,N/A - From RDC,13-Nov-13,13-Nov-13,2-Dec-13,ARV,Adult,SCMS from RDC,"Zidovudine 300mg, tablets, 60 Tabs",Zidovudine,Generic,300mg,Tablet,60,43680,285667.2,6.54,0.11,"Aurobindo Unit III, India",Yes,6535,5950.16,353.37
12129,106-HT-T01,Pre-PQ Process,SO-1288,DN-445,Haiti,PMO - US,From RDC,N/A - From RDC,Air,Pre-PQ Process,N/A - From RDC,22-Jan-08,22-Jan-08,22-Jan-08,ARV,Adult,SCMS from RDC,"Lamivudine/Zidovudine 150/300mg, tablets, 60 Tabs",Lamivudine/Zidovudine,Generic,150/300mg,Tablet - FDC,60,32160,305520.0,9.5,0.16,"Aurobindo Unit III, India",No,See DN-445 (ID#:10640),See DN-445 (ID#:10640),488.83
83188,151-NG-T30,FPQ-12248,SO-47222,DN-3437,Nigeria,PMO - US,From RDC,N/A - From RDC,Air Charter,5/6/2013,N/A - From RDC,18-Nov-13,26-Nov-13,5-Dec-13,ARV,Adult,SCMS from RDC,"Lamivudine/Nevirapine/Zidovudine 150/200/300mg, tablets, 60 Tabs",Lamivudine/Nevirapine/Zidovudine,Generic,150/300/200mg,Tablet - FDC,60,150000,1287000.0,8.58,0.14,"Cipla, Goa, India",Yes,22942,26340,1592.02
67389,108-VN-T30,FPQ-5317,SCMS-69240,ASN-7581,Vietnam,PMO - US,Direct Drop,EXW,Air,3/22/2010,3/25/2010,13-Aug-10,13-Aug-10,13-Aug-10,ARV,Adult,Aurobindo Pharma Limited,"Stavudine 30mg, capsules, 60 Caps",Stavudine,Generic,30mg,Capsule,60,28496,39894.4,1.4,0.02,"Aurobindo Unit III, India",No,See ASN-7581 (ID#:42811),See ASN-7581 (ID#:42811),86.01
82753,114-UG-T30,FPQ-14396,SO-48970,DN-4008,Uganda,PMO - US,From RDC,N/A - From RDC,Truck,6/4/2014,N/A - From RDC,28-Nov-14,3-Dec-14,4-Dec-14,ARV,Adult,SCMS from RDC,"Lamivudine/Tenofovir Disoproxil Fumarate 300/300mg, tablets, 30 Tabs",Lamivudine/Tenofovir Disoproxil Fumarate,Generic,300/300mg,Tablet - FDC,30,42531,196918.53,4.63,0.15,Hetero Unit III Hyderabad IN,Yes,7043,6852.08,202.43
85111,114-UG-T30,FPQ-5275,SO-36280,DN-1820,Uganda,PMO - US,From RDC,N/A - From RDC,Air,3/4/2010,N/A - From RDC,11-Jun-10,3-May-10,3-May-10,ARV,Adult,SCMS from RDC,"Lamivudine/Zidovudine 150/300mg, tablets, 60 Tabs",Lamivudine/Zidovudine,Generic,150/300mg,Tablet - FDC,60,5000,43800.0,8.76,0.15,Hetero Unit III Hyderabad IN,Yes,338,4159.73,94.43
82502,151-NG-T30,FPQ-9432,SO-42935,DN-2817,Nigeria,PMO - US,From RDC,N/A - From RDC,Air,3/1/2012,N/A - From RDC,31-Aug-12,14-Aug-12,14-Aug-12,ARV,Adult,SCMS from RDC,"Lamivudine 150mg, tablets, 60 Tabs",Lamivudine,Generic,150mg,Tablet,60,64347,142850.34,2.22,0.04,Hetero Unit III Hyderabad IN,Yes,5950,18461.22,200.28
83726,103-DO-T30,FPQ-11920,SO-46150,DN-3355,Dominican Republic,PMO - US,From RDC,N/A - From RDC,Air,3/18/2013,N/A - From RDC,29-Oct-13,10-Oct-13,29-Oct-13,ARV,Adult,SCMS from RDC,"Efavirenz 600mg, tablets, 30 Tabs",Efavirenz,Generic,600mg,Tablet,30,4072,13559.76,3.33,0.11,"Strides, Bangalore, India.",Yes,7791,90360.12,16.77
83165,111-MZ-T30,FPQ-11884,SO-44866,DN-3350,Mozambique,PMO - US,From RDC,N/A - From RDC,Truck,3/19/2013,N/A - From RDC,15-Nov-13,8-Oct-13,18-Oct-13,ARV,Adult,SCMS from RDC,"Efavirenz/Lamivudine/Tenofovir Disoproxil Fumarate 600/300/300mg, tablets, 30 Tabs",Efavirenz/Lamivudine/Tenofovir Disoproxil Fumarate,Generic,600/300/300mg,Tablet - FDC,30,16584,184911.6,11.15,0.37,Mylan (formerly Matrix) Nashik,Yes,3132,7700,228.74
67077,108-VN-T30,FPQ-4843,SCMS-64410,ASN-6469,Vietnam,PMO - US,Direct Drop,CIP,Air,1/28/2010,2/2/2010,8-Apr-10,8-Apr-10,8-Apr-10,ARV,Pediatric,BRISTOL-MYERS SQUIBB,"Didanosine 25mg [Videx], chewable tablets, 60 Tabs",Didanosine,Videx,25mg,Chewable/dispersible tablet,60,520,3640.0,7.0,0.12,"BMS Meymac, France",Yes,104,2658.09,7.85
82286,106-HT-T30,FPQ-4384,SO-34700,DN-1609,Haiti,PMO - US,From RDC,N/A - From RDC,Air,10/23/2009,N/A - From RDC,18-Jan-10,27-Jan-10,27-Jan-10,ARV,Pediatric,SCMS from RDC,"Nevirapine 10mg/ml, oral suspension, Bottle, 240 ml",Nevirapine,Generic,10mg/ml,Oral suspension,240,3635,6979.2,1.92,0.01,"Aurobindo Unit III, India",Yes,1345,14489.1,15.05
10767,100-SZ-T01,Pre-PQ Process,SO-30800,DN-1237,Swaziland,PMO - US,From RDC,N/A - From RDC,Air,Pre-PQ Process,N/A - From RDC,20-May-09,20-May-09,20-May-09,ARV,Adult,SCMS from RDC,"Efavirenz 600mg, tablets, 30 Tabs",Efavirenz,Generic,600mg,Tablet,30,2345,16063.25,6.85,0.23,Mylan (formerly Matrix) Nashik,Yes,239,2393.34,31.48
84427,107-RW-T30,FPQ-14111,SO-48790,DN-4012,Rwanda,PMO - US,From RDC,N/A - From RDC,Truck,4/22/2014,N/A - From RDC,16-Feb-15,14-Jan-15,19-Jan-15,ARV,Adult,SCMS from RDC,"Nevirapine 200mg, tablets, 60 Tabs",Nevirapine,Generic,200mg,Tablet,60,21739,48043.19,2.21,0.04,"Aurobindo Unit III, India",No,See DN-4012 (ID#:82755),See DN-4012 (ID#:82755),49.39
46348,111-MZ-T30,FPQ-11915,SCMS-185200,ASN-21426,Mozambique,PMO - US,Direct Drop,EXW,Air,3/20/2013,4/11/2013,9-Oct-13,9-Oct-13,6-Nov-13,ARV,Adult,STRIDES ARCOLAB LIMITED,"Lamivudine/Stavudine 150/30mg, tablets, 60 Tabs",Lamivudine/Stavudine,Generic,150/30mg,Tablet - FDC,60,18025,52633.0,2.92,0.05,"Strides, Bangalore, India.",Yes,1139,4683.02,65.11
54792,107-RW-T30,FPQ-15065,SCMS-263330,ASN-30488,Rwanda,PMO - US,Direct Drop,EXW,Air,10/15/2014,12/18/2014,18-Feb-15,18-Feb-15,19-Feb-15,HRDT,HIV test,"SHANGHAI KEHUA BIOENGINEERING CO.,LTD.  (KHB)","HIV 1/2, SKB Colloidal Gold, Diagnostic Kit, Antibody, 50 Tests","HIV 1/2, Colloidal Gold, Diagnostic Kit, Antibody",Colloidal Gold,,Test kit,1,4099,100425.5,24.5,24.5,"KHB Test Kit Facility, Shanghai China",Yes,2733,36060,103.24
85177,104-CI-T30,FPQ-6144,SO-38380,DN-2106,Côte d'Ivoire,PMO - US,From RDC,N/A - From RDC,Air,8/3/2010,N/A - From RDC,31-Jan-11,22-Feb-11,22-Feb-11,ARV,Pediatric,SCMS from RDC,"Efavirenz 200mg, capsule, 90 Caps",Efavirenz,Generic,200mg,Capsule,90,492,4777.32,9.71,0.11,"Aurobindo Unit III, India",No,See DN-2106 (ID#:82933),See DN-2106 (ID#:82933),10.3
1309,117-ET-T01,Pre-PQ Process,SCMS-360,ASN-201,Ethiopia,PMO - US,Direct Drop,EXW,Air,Pre-PQ Process,12/14/2006,15-Jan-07,15-Jan-07,15-Jan-07,HRDT,HIV test,Abbott GmbH & Co. KG,"HIV 1/2, Determine Complete HIV Kit, 100 Tests","HIV 1/2, Determine Complete HIV Kit",Determine,,Test kit,100,4650,372000.0,80.0,0.8,ABBVIE GmbH & Co.KG Wiesbaden,Yes,1707,24859.45,
11378,112-NG-T01,Pre-PQ Process,SO-329,DN-132,Nigeria,PMO - US,From RDC,N/A - From RDC,,Pre-PQ Process,N/A - From RDC,23-May-07,23-May-07,23-May-07,ARV,Pediatric,SCMS from RDC,"Nevirapine 10mg/ml, oral suspension, Bottle, 240 ml",Nevirapine,Generic,10mg/ml,Oral suspension,240,1181,4133.5,3.5,0.01,"Aurobindo Unit III, India",No,See DN-132 (ID#:11105),See DN-132 (ID#:11105),
11741,109-TZ-T01,Pre-PQ Process,SO-769,DN-275,Tanzania,PMO - US,From RDC,N/A - From RDC,Air,Pre-PQ Process,N/A - From RDC,22-Aug-07,22-Aug-07,22-Aug-07,ARV,Adult,SCMS from RDC,"Nevirapine 200mg, tablets, 60 Tabs",Nevirapine,Generic,200mg,Tablet,60,11807,42150.99,3.57,0.06,"Aurobindo Unit III, India",Yes,1802,3267,67.44
57538,161-ZA-T30,FPQ-6262,SCMS-83810,ASN-10575,South Africa,PMO - US,Direct Drop,DDP,Ocean,8/31/2010,9/24/2010,3-Jun-11,3-Jun-11,3-Jun-11,ARV,Pediatric,Aurobindo Pharma Limited,"Efavirenz 50mg, capsule, 30 Caps",Efavirenz,Generic,50mg,Capsule,30,55000,131450.0,2.39,0.08,"Aurobindo Unit III, India",Yes,3099,7321.43,283.41
11045,100-GH-T01,Pre-PQ Process,SO-30700,DN-1235,Ghana,PMO - US,From RDC,N/A - From RDC,Truck,Date Not Captured,N/A - From RDC,12-Aug-09,12-Aug-09,12-Aug-09,ARV,Adult,SCMS from RDC,"Stavudine 15mg, capsules, 60 Caps",Stavudine,Generic,15mg,Capsule,60,150,1.5,0.01,0.0,"Aurobindo Unit III, India",No,See DN-1235 (ID#:10769),See DN-1235 (ID#:10769),0.0
46114,A02-SL-T50,FPQ-16015,SCMS-285340,ASN-31819,Sierra Leone,PMO - US,Direct Drop,EXW,Air,4/3/2015,4/20/2015,6-May-15,6-May-15,21-May-15,HRDT,HIV test,"Standard Diagnostics, Inc.","HIV 1/2, Bioline 3.0 Kit, Lancets, Capillary pipets, Alcohol swabs included, 25 Tests","HIV 1/2, Bioline 3.0 Kit, Lancets, Capillary pipets, Alcohol swabs included",Bioline,,Test kit,25,1500,30750.0,20.5,0.82,"Standard Diagnostics, Korea",Yes,Weight Captured Separately,Invoiced Separately,36.19
45929,111-MZ-T30,FPQ-13093,SCMS-211560,ASN-24097,Mozambique,PMO - US,Direct Drop,EXW,Air,10/15/2013,11/13/2013,10-Feb-14,10-Feb-14,15-Mar-14,HRDT,HIV test,"Orgenics, Ltd","HIV 1/2, Determine Complete HIV Kit, 100 Tests","HIV 1/2, Determine Complete HIV Kit",Determine,,Test kit,100,9575,766000.0,80.0,0.8,"Alere Medical Co., Ltd.",Yes,3890,29244.02,787.45
82485,107-RW-T30,FPQ-10015,SO-42470,DN-2723,Rwanda,PMO - US,From RDC,N/A - From RDC,Air,6/4/2012,N/A - From RDC,3-Jul-12,20-Jun-12,20-Jun-12,ARV,Adult,SCMS from RDC,"Nevirapine 200mg, tablets, 60 Tabs",Nevirapine,Generic,200mg,Tablet,60,40000,97600.0,2.44,0.04,"Aurobindo Unit III, India",Yes,3771,31029.99,136.84
3386,111-MZ-T01,Pre-PQ Process,SCMS-29440,ASN-2403,Mozambique,PMO - US,Direct Drop,EXW,Air,Pre-PQ Process,8/29/2008,3-Oct-08,3-Oct-08,3-Oct-08,HRDT,HIV test,"Orgenics, Ltd","HIV 1/2, Determine HIV Kit, without Lancets, 100 Tests","HIV 1/2, Determine HIV Kit, without Lancets",Determine,,Test kit,100,1000,71990.0,71.99,0.72,Inverness Japan,Yes,296,2648.82,115.18
84680,200-ZW-T30,FPQ-6483,SO-37900,DN-2411,Zimbabwe,PMO - US,From RDC,N/A - From RDC,Truck,10/13/2010,N/A - From RDC,30-Nov-11,21-Nov-11,21-Nov-11,ARV,Pediatric,SCMS from RDC,"Lamivudine/Nevirapine/Zidovudine 30/50/60mg, dispersible tablets, 60 Tabs",Lamivudine/Nevirapine/Zidovudine,Generic,30/50/60mg,Chewable/dispersible tablet - FDC,60,30060,127755.0,4.25,0.07,Mylan (formerly Matrix) Nashik,Yes,1754,3537.26,275.44
85694,151-NG-T30,FPQ-5023,SO-36437,DN-1956,Nigeria,PMO - US,From RDC,N/A - From RDC,Air Charter,2/10/2010,N/A - From RDC,16-Aug-10,17-Aug-10,17-Aug-10,ARV,Adult,SCMS from RDC,"Lamivudine/Nevirapine/Zidovudine 150/200/300mg, tablets, 60 Tabs",Lamivudine/Nevirapine/Zidovudine,Generic,150/300/200mg,Tablet - FDC,60,55070,617885.4,11.22,0.19,"Aurobindo Unit III, India",Yes,7253,6147.18,1332.16
85307,111-MZ-T30,FPQ-10210,SO-42841,DN-2863,Mozambique,PMO - US,From RDC,N/A - From RDC,Truck,6/28/2012,N/A - From RDC,30-Oct-12,10-Oct-12,10-Oct-12,ARV,Adult,SCMS from RDC,"Lamivudine/Nevirapine/Zidovudine 150/200/300mg, tablets, 60 Tabs",Lamivudine/Nevirapine/Zidovudine,Generic,150/300/200mg,Tablet - FDC,60,17520,171871.2,9.81,0.16,Mylan (formerly Matrix) Nashik,Yes,9370,3855.94,240.96
82998,110-ZM-T30,FPQ-8476,SO-40951,DN-2477,Zambia,PMO - US,From RDC,N/A - From RDC,Truck,9/27/2011,N/A - From RDC,15-May-12,23-Dec-11,23-Dec-11,ARV,Adult,SCMS from RDC,"Emtricitabine/Tenofovir Disoproxil Fumarate 200/300mg, tablets, 30 Tabs",Emtricitabine/Tenofovir Disoproxil Fumarate,Generic,200/300mg,Tablet - FDC,30,66075,592692.75,8.97,0.3,Mylan (formerly Matrix) Nashik,Yes,5727,14325.71,977.94
85634,106-HT-T30,FPQ-4469,SO-34240,DN-1530,Haiti,PMO - US,From RDC,N/A - From RDC,Air,9/23/2009,N/A - From RDC,30-Nov-09,30-Nov-09,30-Nov-09,ARV,Pediatric,SCMS from RDC,"Stavudine 1mg/ml, powder for oral solution, 200 ml",Stavudine,Generic,1mg/ml,Oral solution,200,100,140.0,1.4,0.01,"Aurobindo Unit III, India",No,See DN-1530 (ID#:83964),See DN-1530 (ID#:83964),0.3
84093,105-GY-T30,FPQ-7621,SO-39710,DN-2235,Guyana,PMO - US,From RDC,N/A - From RDC,Air,5/4/2011,N/A - From RDC,13-Oct-11,24-Jun-11,24-Jun-11,ARV,Adult,SCMS from RDC,"Lamivudine 150mg, tablets, 60 Tabs",Lamivudine,Generic,150mg,Tablet,60,514,1197.62,2.33,0.04,"Aurobindo Unit III, India",Yes,25,1052.04,1.98
12560,104-CI-T01,Pre-PQ Process,SO-27030,DN-1161,Côte d'Ivoire,PMO - US,From RDC,N/A - From RDC,Air,Pre-PQ Process,N/A - From RDC,20-Mar-09,20-Mar-09,20-Mar-09,ARV,Pediatric,SCMS from RDC,"Lopinavir/Ritonavir 80/20mg/ml [Kaletra], oral solution, cool, Bottle 5 x 60 ml",Lopinavir/Ritonavir,Kaletra,80/20mg/ml,Oral solution,300,896,36825.6,41.1,0.14,ABBVIE (Abbott) Logis. UK,Yes,Weight Captured Separately,Invoiced Separately,72.18
19014,111-MZ-T30,FPQ-14294,SCMS-247360,ASN-27769,Mozambique,PMO - US,Direct Drop,EXW,Air,5/15/2014,7/30/2014,10-Sep-14,10-Sep-14,3-Oct-14,HRDT,HIV test,"Orgenics, Ltd","HIV 1/2, Determine Complete HIV Kit, 100 Tests","HIV 1/2, Determine Complete HIV Kit",Determine,,Test kit,100,3173,253840.0,80.0,0.8,"Alere Medical Co., Ltd.",Yes,1287,9209,260.95
26121,116-ZA-T30,FPQ-3560,SCMS-49641,ASN-5136,South Africa,PMO - US,Direct Drop,DDP,Truck,5/7/2009,7/21/2009,5-Aug-09,5-Aug-09,5-Aug-09,ARV,Adult,S. BUYS WHOLESALER,"Efavirenz 600mg, tablets, 30 Tabs",Efavirenz,Generic,600mg,Tablet,30,6715,127912.01,19.05,0.64,"Cipla, Goa, India",No,Weight Captured Separately,Freight Included in Commodity Cost,250.71
61493,105-DO-T30,FPQ-12359,SCMS-202330,ASN-22277,Dominican Republic,PMO - US,Direct Drop,EXW,Air,6/4/2013,8/7/2013,29-Oct-13,29-Oct-13,1-Nov-13,HRDT,HIV test - Ancillary,"Standard Diagnostics, Inc.","Chase Buffer, Determine, 100 Tests, 2.5ml x 1 Vial","Chase Buffer, Determine, 100 Tests, 2.5ml x 1 Vial",Determine,,Test kit - Ancillary,1,112,0.0,0.0,0.0,"Alere Medical Co., Ltd.",Yes,46,1428.23,0.0
10801,104-CI-T01,Pre-PQ Process,SO-34140,DN-1494,Côte d'Ivoire,PMO - US,From RDC,N/A - From RDC,Air,Date Not Captured,N/A - From RDC,27-Oct-09,27-Oct-09,27-Oct-09,ARV,Adult,SCMS from RDC,"Stavudine 30mg, capsules, 60 Caps",Stavudine,Generic,30mg,Capsule,60,2430,3547.8,1.46,0.02,"Aurobindo Unit III, India",Yes,156,2298.6,7.65
10787,109-TZ-T01,Pre-PQ Process,SO-31280,DN-1368,Tanzania,PMO - US,From RDC,N/A - From RDC,Truck,Date Not Captured,N/A - From RDC,20-Aug-09,20-Aug-09,20-Aug-09,ARV,Adult,SCMS from RDC,"Abacavir 300mg, tablets, 60 Tabs",Abacavir,Generic,300mg,Tablet,60,4794,122007.3,25.45,0.42,Mylan (formerly Matrix) Nashik,Yes,475,3588.34,239.13
32892,111-MZ-T30,FPQ-13395,SCMS-219220,ASN-25453,Mozambique,PMO - US,Direct Drop,EXW,Air,12/11/2013,12/17/2013,2-May-14,2-May-14,7-May-14,ARV,Adult,HETERO LABS LIMITED,"Lamivudine/Nevirapine/Zidovudine 150/200/300mg, tablets, 60 Tabs",Lamivudine/Nevirapine/Zidovudine,Generic,150/300/200mg,Tablet - FDC,60,33216,269381.76,8.11,0.14,Hetero Unit III Hyderabad IN,Yes,4516,16537.11,276.92
83563,101-CD-T30,FPQ-8840,SO-41147,DN-2511,"Congo, DRC",PMO - US,From RDC,N/A - From RDC,Air,11/21/2011,N/A - From RDC,16-Mar-12,14-Mar-12,14-Mar-12,ARV,Pediatric,SCMS from RDC,"Nevirapine 10mg/ml, oral suspension w/syringe, Bottle, 240 ml",Nevirapine,Generic,10mg/ml,Oral suspension,240,1090,2125.5,1.95,0.01,"Aurobindo Unit III, India",Yes,512,3438.2,2.98
84991,101-CD-T30,FPQ-14576,SO-49310,DN-3954,"Congo, DRC",PMO - US,From RDC,N/A - From RDC,Air,7/14/2014,N/A - From RDC,14-Apr-15,14-Apr-15,14-Apr-15,ARV,Adult,SCMS from RDC,"Nevirapine 200mg, tablets, 60 Tabs",Nevirapine,Generic,200mg,Tablet,60,5850,12753.0,2.18,0.04,Hetero Unit III Hyderabad IN,No,See DN-3954 (ID#:82743),See DN-3954 (ID#:82743),13.11
5364,104-CI-T01,Pre-PQ Process,SCMS-10070,ASN-640,Côte d'Ivoire,PMO - US,Direct Drop,CIP,Air,Pre-PQ Process,5/9/2007,24-Aug-07,24-Aug-07,24-Aug-07,ARV,Pediatric,BRISTOL-MYERS SQUIBB,"Didanosine 50mg [Videx], chewable tablets, 60 Tabs",Didanosine,Videx,50mg,Chewable/dispersible tablet,60,1577,14981.5,9.5,0.16,"BMS Meymac, France",Yes,309,Freight Included in Commodity Cost,23.97
85753,151-NG-T30,FPQ-6800,SO-39220,DN-2172,Nigeria,PMO - US,From RDC,N/A - From RDC,Air Charter,12/7/2010,N/A - From RDC,21-Jun-11,11-May-11,11-May-11,ARV,Adult,SCMS from RDC,"Tenofovir Disoproxil Fumarate 300mg, tablets, 30 Tabs",Tenofovir Disoproxil Fumarate,Generic,300mg,Tablet,30,156,1024.92,6.57,0.22,Mylan (formerly Matrix) Nashik,Yes,9,12601.07,1.69
12638,110-ZM-T01,Pre-PQ Process,SO-311,DN-129,Zambia,PMO - US,From RDC,N/A - From RDC,,Pre-PQ Process,N/A - From RDC,15-May-07,15-May-07,15-May-07,ARV,Adult,SCMS from RDC,"Nelfinavir (as mesilate) 250mg [Viracept], tablets, 270 Tabs",Nelfinavir (as mesilate),Viracept,250mg,Tablet,270,864,70346.88,81.42,0.3,Roche Madrid,No,See DN-129 (ID#:10818),See DN-129 (ID#:10818),
11247,102-KE-T01,Pre-PQ Process,SO-1975,DN-675,Kenya,PMO - US,From RDC,N/A - From RDC,Truck,Pre-PQ Process,N/A - From RDC,5-Mar-08,5-Mar-08,5-Mar-08,HRDT,HIV test,SCMS from RDC,"HIV 1/2, Determine HIV Kit, without Lancets, 100 Tests","HIV 1/2, Determine HIV Kit, without Lancets",Determine,,Test kit,100,1550,123984.5,79.99,0.8,Inverness Japan,Yes,Weight Captured Separately,Invoiced Separately,198.38
51883,133-NG-T30,FPQ-10765,SCMS-162440,ASN-17649,Nigeria,PMO - US,Direct Drop,EXW,Air,10/5/2012,10/16/2012,9-Jan-13,17-Jan-13,17-Jan-13,HRDT,HIV test,"Orgenics, Ltd","HIV 1/2, Determine Complete HIV Kit, 100 Tests","HIV 1/2, Determine Complete HIV Kit",Determine,,Test kit,100,2744,244216.0,89.0,0.89,"Alere Medical Co., Ltd.",Yes,1235,25577.2,342.39
73861,108-VN-T30,FPQ-8428,SCMS-123520,ASN-13475,Vietnam,PMO - US,Direct Drop,EXW,Air,9/21/2011,10/4/2011,1-Mar-12,1-Mar-12,1-Mar-12,ARV,Adult,Aurobindo Pharma Limited,"Efavirenz 600mg, tablets, 30 Tabs",Efavirenz,Generic,600mg,Tablet,30,49452,200280.6,4.05,0.13,"Aurobindo Unit III, India",No,See ASN-13475 (ID#:15772),See ASN-13475 (ID#:15772),330.46
14079,109-TZ-T30,FPQ-12197,SCMS-189360,ASN-21229,Tanzania,PMO - US,Direct Drop,EXW,Air,4/30/2013,5/29/2013,17-Sep-13,17-Sep-13,17-Sep-13,HRDT,HIV test,"Standard Diagnostics, Inc.","HIV 1/2, Determine Complete HIV Kit, 100 Tests","HIV 1/2, Determine Complete HIV Kit",Determine,,Test kit,100,2915,0.0,0.0,0.0,"Alere Medical Co., Ltd.",Yes,1208,20583.37,0.0
11540,105-GY-T01,Pre-PQ Process,SO-11630,DN-841,Guyana,PMO - US,From RDC,N/A - From RDC,Air,Pre-PQ Process,N/A - From RDC,25-Jul-08,25-Jul-08,25-Jul-08,ARV,Adult,SCMS from RDC,"Lamivudine 150mg, tablets, 60 Tabs",Lamivudine,Generic,150mg,Tablet,60,431,1249.9,2.9,0.05,"Aurobindo Unit III, India",Yes,377,5228.67,2.0
56487,110-ZM-T30,FPQ-6263,SCMS-87290,ASN-9001,Zambia,PMO - US,Direct Drop,EXW,Air,9/8/2010,10/7/2010,17-Dec-10,21-Dec-10,21-Dec-10,HRDT,HIV test,"Orgenics, Ltd","HIV 1/2, Determine Complete HIV Kit, 100 Tests","HIV 1/2, Determine Complete HIV Kit",Determine,,Test kit,100,2814,225120.0,80.0,0.8,Inverness Japan,Yes,1363,22746.62,485.36
30601,110-ZM-T30,FPQ-4691,SCMS-60711,ASN-6614,Zambia,PMO - US,Direct Drop,EXW,Air,12/16/2009,12/22/2009,3-May-10,23-Apr-10,23-Apr-10,HRDT,HIV test,"Orgenics, Ltd","HIV 1/2, Determine Complete HIV Kit, 100 Tests","HIV 1/2, Determine Complete HIV Kit",Determine,,Test kit,100,2700,194400.0,72.0,0.72,Inverness Japan,Yes,1304,19502.09,419.13
9918,108-VN-T01,Pre-PQ Process,SCMS-26171,ASN-2515,Vietnam,PMO - US,Direct Drop,EXW,Air,Pre-PQ Process,7/1/2008,25-Sep-08,25-Sep-08,25-Sep-08,ARV,Adult,Aurobindo Pharma Limited,"Lamivudine/Zidovudine 150/300mg, tablets, 60 Tabs",Lamivudine/Zidovudine,Generic,150/300mg,Tablet - FDC,60,1800,15498.0,8.61,0.14,"Aurobindo Unit III, India",No,See ASN-2515 (ID#:4635),See ASN-2515 (ID#:4635),24.8
13841,107-RW-T30,FPQ-4011,SCMS-50290,ASN-6267,Rwanda,PMO - US,Direct Drop,CIP,Air,7/16/2009,8/31/2009,16-Apr-10,16-Apr-10,16-Apr-10,ARV,Adult,MYLAN LABORATORIES LTD (FORMERLY MATRIX LABORATORIES),"Lamivudine/Tenofovir Disoproxil Fumarate 300/300mg, tablets, 30 Tabs",Lamivudine/Tenofovir Disoproxil Fumarate,Generic,300/300mg,Tablet - FDC,30,62209,681188.55,10.95,0.36,Mylan (formerly Matrix) Nashik,Yes,5795,63600.4,1335.13
12908,114-UG-T01,Pre-PQ Process,SO-32920,DN-1397,Uganda,PMO - US,From RDC,N/A - From RDC,Air,Date Not Captured,N/A - From RDC,24-Aug-09,24-Aug-09,24-Aug-09,ARV,Adult,SCMS from RDC,"Lamivudine 150mg, tablets, 60 Tabs",Lamivudine,Generic,150mg,Tablet,60,2237,5458.28,2.44,0.04,"Aurobindo Unit III, India",No,See DN-1397 (ID#:11678),See DN-1397 (ID#:11678),10.7
16473,109-TZ-T30,FPQ-6936,SCMS-100631,ASN-10904,Tanzania,PMO - US,Direct Drop,EXW,Air,12/27/2010,5/2/2011,14-Jul-11,14-Jul-11,14-Jul-11,HRDT,HIV test,"Standard Diagnostics, Inc.","HIV 1/2, Bioline 3.0 Kit, Lancets, Capillary pipets, Alcohol swabs included, 25 Tests","HIV 1/2, Bioline 3.0 Kit, Lancets, Capillary pipets, Alcohol swabs included",Bioline,,Test kit,25,10000,200000.0,20.0,0.8,"Standard Diagnostics, Korea",Yes,3335,23650.43,330.0
60978,161-ZA-T30,FPQ-6708,SCMS-93530,ASN-9936,South Africa,PMO - US,Direct Drop,DDP,Ocean,11/26/2010,12/14/2010,7-Apr-11,7-Apr-11,7-Apr-11,ARV,Adult,Aurobindo Pharma Limited,"Tenofovir Disoproxil Fumarate 300mg, tablets, 30 Tabs",Tenofovir Disoproxil Fumarate,Generic,300mg,Tablet,30,76615,509489.75,6.65,0.22,"Aurobindo Unit III, India",Yes,Weight Captured Separately,Freight Included in Commodity Cost,840.66
85784,110-ZM-T30,FPQ-7085,SO-38741,DN-2322,Zambia,PMO - US,From RDC,N/A - From RDC,Truck,2/3/2011,N/A - From RDC,29-Sep-11,29-Aug-11,29-Aug-11,ARV,Adult,SCMS from RDC,"Nevirapine 200mg, tablets, 60 Tabs",Nevirapine,Generic,200mg,Tablet,60,20927,52526.77,2.51,0.04,"Strides, Bangalore, India.",No,See DN-2322 (ID#:82973),See DN-2322 (ID#:82973),86.67
11854,110-ZM-T01,Pre-PQ Process,SO-1723,DN-592,Zambia,PMO - US,From RDC,N/A - From RDC,Truck,Pre-PQ Process,N/A - From RDC,28-Dec-07,28-Dec-07,28-Dec-07,ARV,Pediatric,SCMS from RDC,"Lopinavir/Ritonavir 80/20mg/ml [Kaletra], oral solution, cool, Bottle 5 x 60 ml",Lopinavir/Ritonavir,Kaletra,80/20mg/ml,Oral solution,300,746,30660.6,41.1,0.14,ABBVIE (Abbott) Logis. UK,Yes,Weight Captured Separately,Invoiced Separately,49.06
84979,111-MZ-T30,FPQ-13575,SO-47700,DN-3939,Mozambique,PMO - US,From RDC,N/A - From RDC,Truck,1/17/2014,N/A - From RDC,31-Oct-14,30-Oct-14,13-Nov-14,ARV,Adult,SCMS from RDC,"Abacavir 300mg, tablets, 60 Tabs",Abacavir,Generic,300mg,Tablet,60,7977,90618.72,11.36,0.19,"Aurobindo Unit III, India",No,See DN-3939 (ID#:82732),See DN-3939 (ID#:82732),93.16
11053,123-NG-T01,Pre-PQ Process,SO-24482,DN-1263,Nigeria,PMO - US,From RDC,N/A - From RDC,Air Charter,Pre-PQ Process,N/A - From RDC,16-Jun-09,16-Jun-09,16-Jun-09,ARV,Adult,SCMS from RDC,"Lamivudine/Nevirapine/Stavudine 150/200/30mg, tablets, 60 Tabs",Lamivudine/Nevirapine/Stavudine,Generic,150/200/30mg,Tablet - FDC,60,21765,154966.8,7.12,0.12,"Strides, Bangalore, India.",Yes,1984,7329.83,303.73
51990,107-RW-T30,FPQ-6341,SCMS-84970,ASN-10317,Rwanda,PMO - US,Direct Drop,EXW,Ocean,9/3/2010,9/28/2010,31-May-11,31-May-11,31-May-11,ARV,Adult,HETERO LABS LIMITED,"Lamivudine/Tenofovir Disoproxil Fumarate 300/300mg, tablets, 30 Tabs",Lamivudine/Tenofovir Disoproxil Fumarate,Generic,300/300mg,Tablet - FDC,30,82981,776702.16,9.36,0.31,Hetero Unit III Hyderabad IN,Yes,6683,14760.6,1674.57
47200,106-HT-T30,FPQ-13797,SCMS-234020,ASN-27349,Haiti,PMO - US,Direct Drop,EXW,Air,3/20/2014,5/5/2014,29-Oct-14,29-Oct-14,12-Nov-14,ARV,Adult,HETERO LABS LIMITED,"Lamivudine/Zidovudine 150/300mg, tablets, 60 Tabs",Lamivudine/Zidovudine,Generic,150/300mg,Tablet - FDC,60,29635,195887.35,6.61,0.11,Hetero Unit III Hyderabad IN,Yes,2608,21886.49,201.37
25956,901-CM-T30,FPQ-12837,SCMS-206310,ASN-22467,Cameroon,PMO - US,Direct Drop,EXW,Air,8/19/2013,9/13/2013,7-Nov-13,7-Nov-13,8-Nov-13,ARV,Adult,STRIDES ARCOLAB LIMITED,"Efavirenz 600mg, tablets, 30 Tabs",Efavirenz,Generic,600mg,Tablet,30,25945,82764.55,3.19,0.11,"Strides, Bangalore, India.",Yes,1638,18141.62,102.38
43443,102-KE-T30,FPQ-4591,SCMS-58381,ASN-7198,Kenya,PMO - US,Direct Drop,EXW,Air,11/18/2009,12/2/2009,7-Jul-10,7-Jul-10,7-Jul-10,HRDT,HIV test,"Orgenics, Ltd","HIV 1/2, Determine Complete HIV Kit, 100 Tests","HIV 1/2, Determine Complete HIV Kit",Determine,,Test kit,100,3,240.0,80.0,0.8,Inverness Japan,Yes,1302,12678.52,0.52
81990,116-ZA-T30,FPQ-12522,SCMS-199283,ASN-27976,South Africa,PMO - US,Direct Drop,DDP,Truck,7/11/2013,8/27/2014,27-Aug-14,27-Aug-14,27-Aug-14,ARV,Adult,S. BUYS WHOLESALER,"Emtricitabine/Tenofovir Disoproxil Fumarate 200/300mg, tablets, 30 Tabs",Emtricitabine/Tenofovir Disoproxil Fumarate,Generic,200/300mg,Tablet - FDC,30,16,539.58,33.72,1.12,"Aurobindo Unit III, India",No,Weight Captured Separately,Freight Included in Commodity Cost,0.67
84473,151-NG-T30,FPQ-14989,SO-51425,DN-4278,Nigeria,PMO - US,From RDC,N/A - From RDC,Air Charter,9/19/2014,N/A - From RDC,30-Jun-15,15-May-15,22-May-15,ARV,Adult,SCMS from RDC,"Zidovudine 300mg, tablets, 60 Tabs",Zidovudine,Generic,300mg,Tablet,60,1220,6502.6,5.33,0.09,"Aurobindo Unit III, India",No,See DN-4278 (ID#:83338),See DN-4278 (ID#:83338),6.68
48746,161-ZA-T30,FPQ-5303,SCMS-68980,ASN-7525,South Africa,PMO - US,Direct Drop,DDP,Air,3/18/2010,3/19/2010,24-Aug-10,24-Aug-10,24-Aug-10,ARV,Adult,Aurobindo Pharma Limited,"Lamivudine 150mg, tablets, 60 Tabs",Lamivudine,Generic,150mg,Tablet,60,32070,81137.1,2.53,0.04,"Aurobindo Unit III, India",Yes,1727,1791.42,174.93
48301,104-CI-T30,FPQ-9394,SCMS-141430,ASN-15398,Côte d'Ivoire,PMO - US,Direct Drop,EXW,Air,2/28/2012,3/22/2012,5-Jul-12,5-Jul-12,5-Jul-12,HRDT,HIV test,"Orgenics, Ltd","HIV 1/2, Determine Complete HIV Kit, 100 Tests","HIV 1/2, Determine Complete HIV Kit",Determine,,Test kit,100,6290,503200.0,80.0,0.8,"Alere Medical Co., Ltd.",Yes,2995,57933.93,705.49
51999,102-GY-T30,FPQ-8053,SCMS-115830,ASN-11820,Guyana,PMO - US,Direct Drop,EXW,Air,7/13/2011,7/20/2011,6-Sep-11,6-Sep-11,6-Sep-11,HRDT,HIV test,"Orgenics, Ltd","HIV 1/2, Determine Complete HIV Kit, 100 Tests","HIV 1/2, Determine Complete HIV Kit",Determine,,Test kit,100,915,91500.0,100.0,1.0,Inverness Japan,Yes,439,11941.94,150.98
84293,103-DO-T30,FPQ-11920,SO-46130,DN-3349,Dominican Republic,PMO - US,From RDC,N/A - From RDC,Air,3/18/2013,N/A - From RDC,29-Oct-13,16-Oct-13,29-Oct-13,ARV,Adult,SCMS from RDC,"Nevirapine 200mg, tablets, 60 Tabs",Nevirapine,Generic,200mg,Tablet,60,288,650.88,2.26,0.04,Hetero Unit III Hyderabad IN,No,See DN-3349 (ID#:83720),See DN-3349 (ID#:83720),0.81
54348,109-TZ-T30,FPQ-10619,SCMS-161830,ASN-17463,Tanzania,PMO - US,Direct Drop,EXW,Air,9/13/2012,10/4/2012,31-Dec-12,31-Dec-12,31-Dec-12,HRDT,HIV test,"Orgenics, Ltd","HIV 1/2, Determine Complete HIV Kit, 100 Tests","HIV 1/2, Determine Complete HIV Kit",Determine,,Test kit,100,1568,125440.0,80.0,0.8,"Alere Medical Co., Ltd.",Yes,678,12950.74,175.87
85120,106-HT-T30,FPQ-5523,SO-36740,DN-1847,Haiti,PMO - US,From RDC,N/A - From RDC,Air,4/19/2010,N/A - From RDC,30-Jun-10,9-Jun-10,9-Jun-10,ARV,Adult,SCMS from RDC,"Stavudine 20mg, capsules, 60 Caps",Stavudine,Generic,20mg,Capsule,60,504,720.72,1.43,0.02,"Aurobindo Unit III, India",No,See DN-1847 (ID#:82889),See DN-1847 (ID#:82889),1.55
56906,114-UG-T30,FPQ-12290,SCMS-192360,ASN-22588,Uganda,PMO - US,Direct Drop,EXW,Air,5/17/2013,6/24/2013,21-Nov-13,21-Nov-13,22-Nov-13,ARV,Adult,MYLAN LABORATORIES LTD (FORMERLY MATRIX LABORATORIES),"Atazanavir 300mg, capsules, 30 Caps",Atazanavir,Generic,300mg,Capsule,30,7035,105525.0,15.0,0.5,Mylan (formerly Matrix) Nashik,Yes,440,2242.71,130.53
13978,108-VN-T30,FPQ-11418,SCMS-176300,ASN-19787,Vietnam,PMO - US,Direct Drop,EXW,Air,1/29/2013,2/6/2013,1-Jul-13,1-Jul-13,1-Jul-13,ARV,Adult,HETERO LABS LIMITED,"Lamivudine/Zidovudine 150/300mg, tablets, 60 Tabs",Lamivudine/Zidovudine,Generic,150/300mg,Tablet - FDC,60,9095,62300.75,6.85,0.11,Hetero Unit III Hyderabad IN,Yes,1736,8163.83,77.07
20894,106-HT-T30,FPQ-9066,SCMS-138580,ASN-14408,Haiti,PMO - US,Direct Drop,EXW,Air,1/6/2012,2/24/2012,22-Apr-12,22-Apr-12,22-Apr-12,ARV,Adult,Aurobindo Pharma Limited,"Lopinavir/Ritonavir 200/50mg, tablets, 120 Tabs",Lopinavir/Ritonavir,Generic,200/50mg,Tablet,120,5240,157200.0,30.0,0.25,"Aurobindo Unit III, India",No,See ASN-14408 (ID#:16232),See ASN-14408 (ID#:16232),220.39
82455,151-NG-T30,FPQ-8952,SO-41266,DN-2568,Nigeria,PMO - US,From RDC,N/A - From RDC,Air Charter,12/8/2011,N/A - From RDC,20-Jun-12,16-Feb-12,16-Feb-12,ARV,Adult,SCMS from RDC,"Nevirapine 200mg, tablets, 60 Tabs",Nevirapine,Generic,200mg,Tablet,60,100000,258000.0,2.58,0.04,"Strides, Bangalore, India.",Yes,18672,25231.96,361.72
83500,151-NG-T30,FPQ-6800,SO-39230,DN-2173,Nigeria,PMO - US,From RDC,N/A - From RDC,Air Charter,12/7/2010,N/A - From RDC,21-Jun-11,10-May-11,10-May-11,ARV,Adult,SCMS from RDC,"Lamivudine/Tenofovir Disoproxil Fumarate 300/300mg, tablets, 30 Tabs",Lamivudine/Tenofovir Disoproxil Fumarate,Generic,300/300mg,Tablet - FDC,30,50000,441000.0,8.82,0.29,Mylan (formerly Matrix) Nashik,Yes,4502,12601.07,727.65
12502,109-TZ-T01,Pre-PQ Process,SO-1652,DN-637,Tanzania,PMO - US,From RDC,N/A - From RDC,Air,Pre-PQ Process,N/A - From RDC,28-Mar-08,28-Mar-08,28-Mar-08,ARV,Adult,SCMS from RDC,"Lamivudine/Zidovudine 150/300mg, tablets, 60 Tabs",Lamivudine/Zidovudine,Generic,150/300mg,Tablet - FDC,60,48610,461795.0,9.5,0.16,"Aurobindo Unit III, India",No,See DN-637 (ID#:12195),See DN-637 (ID#:12195),738.87
82568,111-MZ-T30,FPQ-11882,SO-44810,DN-3108,Mozambique,PMO - US,From RDC,N/A - From RDC,Air,3/19/2013,N/A - From RDC,4-Jul-13,4-Jul-13,4-Jul-13,ARV,Adult,SCMS from RDC,"Efavirenz 600mg, tablets, 30 Tabs",Efavirenz,Generic,600mg,Tablet,30,17037,56733.21,3.33,0.11,"Strides, Bangalore, India.",Yes,1750,9758.5,70.18
82345,151-NG-T30,FPQ-5023,SO-36413,DN-1967,Nigeria,PMO - US,From RDC,N/A - From RDC,Air Charter,2/10/2010,N/A - From RDC,9-Aug-10,17-Aug-10,17-Aug-10,ARV,Adult,SCMS from RDC,"Emtricitabine/Tenofovir Disoproxil Fumarate 200/300mg, tablets, 30 Tabs",Emtricitabine/Tenofovir Disoproxil Fumarate,Generic,200/300mg,Tablet - FDC,30,6203,72885.25,11.75,0.39,Mylan (formerly Matrix) Nashik,Yes,560,6147.18,157.14
85772,106-HT-T30,FPQ-6801,SO-39910,DN-2263,Haiti,PMO - US,From RDC,N/A - From RDC,Air,12/14/2010,N/A - From RDC,19-Jul-11,28-Jun-11,28-Jun-11,ARV,Adult,SCMS from RDC,"Stavudine 30mg, capsules, 60 Caps",Stavudine,Generic,30mg,Capsule,60,7830,10962.0,1.4,0.02,"Aurobindo Unit III, India",No,See DN-2263 (ID#:82959),See DN-2263 (ID#:82959),18.09
54536,151-NG-T30,FPQ-4574,SCMS-59990,ASN-6679,Nigeria,PMO - US,Direct Drop,FCA,Air,11/19/2009,12/22/2009,21-May-10,21-May-10,21-May-10,ARV,Adult,Hoffmann-La Roche ltd Basel,"Saquinavir 200mg [Invirase], capsules, 270 Caps",Saquinavir,Invirase,200mg,Capsule,270,11,1062.3,96.57,0.36,Roche Basel,Yes,6,2502.05,2.29
74722,116-ZA-T30,FPQ-13973,SCMS-238550,ASN-30792,South Africa,PMO - US,Direct Drop,DDP,Truck,4/30/2014,5/8/2014,19-Feb-15,19-Feb-15,19-Feb-15,ARV,Pediatric,PHARMACY DIRECT,"Atazanavir 150mg [Reyataz], capsules, 60 Caps",Atazanavir,Reyataz,150mg,Capsule,60,3,58.13,19.38,0.32,"BMS Evansville, US",No,Weight Captured Separately,Freight Included in Commodity Cost,0.06
12180,110-ZM-T01,Pre-PQ Process,SO-2550,DN-839,Zambia,PMO - US,From RDC,N/A - From RDC,Truck,Pre-PQ Process,N/A - From RDC,20-Aug-08,20-Aug-08,20-Aug-08,ARV,Adult,SCMS from RDC,"Lamivudine/Nevirapine/Stavudine 150/200/30mg, tablets, 60 Tabs",Lamivudine/Nevirapine/Stavudine,Generic,150/200/30mg,Tablet - FDC,60,60000,432000.0,7.2,0.12,"Strides, Bangalore, India.",No,See DN-839 (ID#:10961),See DN-839 (ID#:10961),691.2
25599,113-ZW-T30,FPQ-13939,SCMS-234750,ASN-25953,Zimbabwe,PMO - US,Direct Drop,EXW,Air Charter,4/1/2014,4/11/2014,14-Jun-14,14-Jun-14,16-Jun-14,ARV,Adult,MICRO LABS LIMITED,"Nevirapine 200mg, tablets, 60 Tabs",Nevirapine,Generic,200mg,Tablet,60,55000,114400.0,2.08,0.03,"Micro labs, Verna, Goa, India",Yes,5810,46213.4,117.6
92,102-NG-T01,Pre-PQ Process,SCMS-592,ASN-485,Nigeria,PMO - US,Direct Drop,EXW,Air,Pre-PQ Process,5/13/2007,19-Jun-07,19-Jun-07,19-Jun-07,HRDT,HIV test,Abbott GmbH & Co. KG,"HIV 1/2, Determine Complete HIV Kit, 100 Tests","HIV 1/2, Determine Complete HIV Kit",Determine,,Test kit,100,1000,80000.0,80.0,0.8,ABBVIE GmbH & Co.KG Wiesbaden,Yes,341,2682.47,128.0
39353,161-ZA-T30,FPQ-6262,SCMS-84220,ASN-9172,South Africa,PMO - US,Direct Drop,DDP,Ocean,8/31/2010,9/28/2010,9-Feb-11,9-Feb-11,9-Feb-11,ARV,Adult,CIPLA LIMITED,"Tenofovir Disoproxil Fumarate 300mg, tablets, 30 Tabs",Tenofovir Disoproxil Fumarate,Generic,300mg,Tablet,30,116000,815480.0,7.03,0.23,"Cipla, Goa, India",Yes,7965,13688.03,1758.17
19225,116-ZA-T30,FPQ-4359,SCMS-54980,ASN-5373,South Africa,PMO - US,Direct Drop,DDP,Truck,10/8/2009,10/15/2009,19-Oct-09,19-Oct-09,19-Oct-09,ARV,Pediatric,S. BUYS WHOLESALER,"Zidovudine 100mg [Retrovir], capsules, 100 Caps",Zidovudine,Retrovir,100mg,Capsule,100,40,591.97,14.8,0.15,GSK Crawley,No,Weight Captured Separately,Freight Included in Commodity Cost,1.16
75913,116-ZA-T30,FPQ-12522,SCMS-199283,ASN-27976,South Africa,PMO - US,Direct Drop,DDP,Truck,7/11/2013,8/27/2014,27-Aug-14,27-Aug-14,27-Aug-14,ARV,Adult,S. BUYS WHOLESALER,"Zidovudine 300mg, tablets, 60 Tabs",Zidovudine,Generic,300mg,Tablet,60,19,528.69,27.83,0.46,"Aurobindo Unit III, India",No,Weight Captured Separately,Freight Included in Commodity Cost,0.65
11480,104-CI-T01,Pre-PQ Process,SO-1546,DN-609,Côte d'Ivoire,PMO - US,From RDC,N/A - From RDC,Air,Pre-PQ Process,N/A - From RDC,19-Feb-08,19-Feb-08,19-Feb-08,ARV,Adult,SCMS from RDC,"Efavirenz 600mg, tablets, 30 Tabs",Efavirenz,Generic,600mg,Tablet,30,24561,294977.61,12.01,0.4,"Aurobindo Unit III, India",Yes,7191,12349.51,471.96
81361,116-ZA-T30,FPQ-3560,SCMS-49670,ASN-5050,South Africa,PMO - US,Direct Drop,DDP,Truck,5/7/2009,7/21/2009,12-Aug-09,14-Aug-09,14-Aug-09,ARV,Pediatric,S. BUYS WHOLESALER,"Lopinavir/Ritonavir 80/20mg/ml [Kaletra], oral solution, cool, Bottle 5 x 60 ml",Lopinavir/Ritonavir,Kaletra,80/20mg/ml,Oral solution,300,710,30944.95,43.58,0.15,ABBVIE (Abbott) Logis. UK,Yes,Weight Captured Separately,Freight Included in Commodity Cost,60.65
38611,901-NA-T30,FPQ-14689,SCMS-253440,ASN-29095,Namibia,PMO - US,Direct Drop,EXW,Air,7/30/2014,8/29/2014,19-Nov-14,19-Nov-14,19-Nov-14,ARV,Adult,HETERO LABS LIMITED,"Lamivudine/Nevirapine/Zidovudine 150/200/300mg, tablets, 60 Tabs",Lamivudine/Nevirapine/Zidovudine,Generic,150/300/200mg,Tablet - FDC,60,33696,279339.84,8.29,0.14,"Hetero, Jadcherla, unit 5, IN",Yes,4262,27262.44,287.16
53254,116-ZA-T30,FPQ-12522,SCMS-199289,ASN-28033,South Africa,PMO - US,Direct Drop,DDP,Truck,7/11/2013,8/29/2014,29-Aug-14,29-Aug-14,29-Aug-14,ARV,Pediatric,S. BUYS WHOLESALER,"Abacavir 20mg/ml, oral solution w/syringe, Bottle, 240 ml",Abacavir,Generic,20mg/ml,Oral solution,240,135,3650.16,27.04,0.11,"Aurobindo Unit III, India",No,Weight Captured Separately,Freight Included in Commodity Cost,4.52
57738,901-CM-T30,FPQ-12528,SCMS-196510,ASN-21499,Cameroon,PMO - US,Direct Drop,EXW,Air,6/21/2013,6/28/2013,26-Sep-13,26-Sep-13,26-Sep-13,ARV,Adult,MYLAN LABORATORIES LTD (FORMERLY MATRIX LABORATORIES),"Efavirenz/Lamivudine/Tenofovir Disoproxil Fumarate 600/300/300mg, tablets, 30 Tabs",Efavirenz/Lamivudine/Tenofovir Disoproxil Fumarate,Generic,600/300/300mg,Tablet - FDC,30,44407,495138.05,11.15,0.37,Mylan (formerly Matrix) Nashik,Yes,5016,43408.7,612.49
85291,113-ZW-T30,FPQ-8464,SO-40902,DN-2803,Zimbabwe,PMO - US,From RDC,N/A - From RDC,Truck,10/4/2011,N/A - From RDC,11-Dec-12,4-Sep-12,4-Sep-12,ARV,Adult,SCMS from RDC,"Nevirapine 200mg, tablets, 60 Tabs",Nevirapine,Generic,200mg,Tablet,60,10963,26530.46,2.42,0.04,"Aurobindo Unit III, India",No,See DN-2803 (ID#:83613),See DN-2803 (ID#:83613),43.78
14658,110-ZM-T30,FPQ-14790,SCMS-253020,ASN-31638,Zambia,PMO - US,Direct Drop,FCA,Air,8/13/2014,8/20/2014,25-Apr-15,25-Apr-15,30-Apr-15,ARV,Pediatric,ABBVIE LOGISTICS (FORMERLY ABBOTT LOGISTICS BV),"Lopinavir/Ritonavir 80/20mg/ml [Kaletra], oral solution, cool, Bottle 5 x 60 ml",Lopinavir/Ritonavir,Kaletra,80/20mg/ml,Oral solution,300,2265,69807.3,30.82,0.1,ABBVIE (Abbott) Logis. UK,Yes,2272,14603.71,71.76
24116,116-ZA-T30,FPQ-12522,SCMS-199283,ASN-27976,South Africa,PMO - US,Direct Drop,DDP,Truck,7/11/2013,8/27/2014,27-Aug-14,27-Aug-14,27-Aug-14,ARV,Pediatric,S. BUYS WHOLESALER,"Efavirenz 200mg, capsule, 90 Caps",Efavirenz,Generic,200mg,Capsule,90,25,659.22,26.37,0.29,"Aurobindo Unit III, India",Yes,Weight Captured Separately,Freight Included in Commodity Cost,0.82
30363,105-SS-T30,FPQ-15569,SCMS-272160,ASN-31321,South Sudan,PMO - US,Direct Drop,EXW,Air,12/29/2014,2/20/2015,3-Jun-15,3-Jun-15,5-Jun-15,HRDT,HIV test,"Orgenics, Ltd","HIV 1/2, Determine Complete HIV Kit, 100 Tests","HIV 1/2, Determine Complete HIV Kit",Determine,,Test kit,100,90,8010.0,89.0,0.89,"Alere Medical Co., Ltd.",Yes,Weight Captured Separately,Invoiced Separately,9.43
15656,A01-CM-T50,FPQ-15905,SCMS-285060,ASN-33424,Cameroon,PMO - US,Direct Drop,CIP,Air,2/19/2015,5/1/2015,26-Aug-15,26-Aug-15,26-Aug-15,ARV,Adult,MERCK SHARP & DOHME IDEA GMBH (FORMALLY MERCK SHARP & DOHME B.V.),"Raltegravir 400mg [Isentress], tablets, 60 Tabs",Raltegravir,Isentress,400mg,Tablet,60,120,6660.0,55.5,0.92,"MSD, Haarlem, NL",Yes,Weight Captured Separately,Freight Included in Commodity Cost,7.84
72142,107-RW-T30,FPQ-8365,SCMS-126480,ASN-15215,Rwanda,PMO - US,Direct Drop,FCA,Air,10/26/2011,11/11/2011,29-Jun-12,29-Jun-12,29-Jun-12,ARV,Pediatric,ABBVIE LOGISTICS (FORMERLY ABBOTT LOGISTICS BV),"Lopinavir/Ritonavir 100/25mg [Aluvia], tablets, 60 Tabs",Lopinavir/Ritonavir,Generic,100/25mg,Tablet,60,1575,12143.25,7.71,0.13,ABBVIE Ludwigshafen Germany,Yes,186,2874.03,20.04
12753,111-MZ-T01,Pre-PQ Process,SO-1040,DN-487,Mozambique,PMO - US,From RDC,N/A - From RDC,Air,Pre-PQ Process,N/A - From RDC,8-Feb-08,8-Feb-08,8-Feb-08,ARV,Adult,SCMS from RDC,"Ritonavir 100mg [Norvir], capsules, cool, 84 Caps",Ritonavir,Norvir,100mg,Capsule,84,210,8055.6,38.36,0.46,ABBVIE (Abbott) Logis. UK,Yes,63,740.16,12.89
43989,109-TZ-T30,FPQ-3782,SCMS-47730,ASN-4489,Tanzania,PMO - US,Direct Drop,CIP,Air,6/11/2009,6/29/2009,11-Aug-09,11-Aug-09,11-Aug-09,ARV,Adult,BRISTOL-MYERS SQUIBB,"Didanosine EC 400mg [Videx EC], delayed-release capsules, Blister 3 x 10 Caps",Didanosine EC,Videx EC,400mg,Delayed-release capsules - blister,30,3000,71010.0,23.67,0.79,"BMS Meymac, France",Yes,363,777,139.18
84733,113-ZW-T30,FPQ-8464,SO-40890,DN-2741,Zimbabwe,PMO - US,From RDC,N/A - From RDC,Truck,10/4/2011,N/A - From RDC,16-Oct-12,23-Jul-12,23-Jul-12,ARV,Adult,SCMS from RDC,"Lamivudine/Tenofovir Disoproxil Fumarate 300/300mg, tablets, 30 Tabs",Lamivudine/Tenofovir Disoproxil Fumarate,Generic,300/300mg,Tablet - FDC,30,78082,418519.52,5.36,0.18,Mylan (formerly Matrix) Nashik,No,See DN-2741 (ID#:84180),See DN-2741 (ID#:84180),690.56
82791,107-RW-T30,FPQ-15622,SO-50710,DN-4213,Rwanda,PMO - US,From RDC,N/A - From RDC,Truck,12/22/2014,N/A - From RDC,30-Apr-15,19-May-15,25-May-15,ARV,Adult,SCMS from RDC,"Abacavir/Lamivudine 600/300mg, tablets, 30 Tabs",Abacavir/Lamivudine,Generic,600/300mg,Tablet - FDC,30,50867,668901.05,13.15,0.44,Mylan (formerly Matrix) Nashik,Yes,4749,Freight Included in Commodity Cost,787.3
77952,107-RW-T30,FPQ-13874,SCMS-232310,ASN-25541,Rwanda,PMO - US,Direct Drop,EXW,Air,3/12/2014,4/3/2014,28-Apr-14,28-Apr-14,28-Apr-14,HRDT,HIV test,"SHANGHAI KEHUA BIOENGINEERING CO.,LTD.  (KHB)","HIV 1/2, SKB Colloidal Gold, Diagnostic Kit, Antibody, 50 Tests","HIV 1/2, Colloidal Gold, Diagnostic Kit, Antibody",Colloidal Gold,,Test kit,1,5994,146853.0,24.5,24.5,"KHB Test Kit Facility, Shanghai China",Yes,3996,53102.22,150.96
45361,116-ZA-T30,FPQ-3596,SCMS-50360,ASN-5450,South Africa,PMO - US,Direct Drop,DDP,Truck,5/7/2009,9/22/2009,27-Oct-09,27-Oct-09,27-Oct-09,ARV,Adult,S. BUYS WHOLESALER,"Lopinavir/Ritonavir 200/50mg [Aluvia], tablets, 120 Tabs",Lopinavir/Ritonavir,Aluvia,200/50mg,Tablet,120,3500,152545.53,43.58,0.36,ABBVIE Ludwigshafen Germany,Yes,Weight Captured Separately,Freight Included in Commodity Cost,298.99
11553,106-HT-T01,Pre-PQ Process,SO-2055,DN-690,Haiti,PMO - US,From RDC,N/A - From RDC,Air,Pre-PQ Process,N/A - From RDC,14-Apr-08,14-Apr-08,14-Apr-08,ARV,Adult,SCMS from RDC,"Lamivudine/Zidovudine 150/300mg, tablets, 60 Tabs",Lamivudine/Zidovudine,Generic,150/300mg,Tablet - FDC,60,24345,230060.25,9.45,0.16,"Aurobindo Unit III, India",No,See DN-690 (ID#:10706),See DN-690 (ID#:10706),368.1
64724,114-UG-T30,FPQ-14254,SCMS-239760,ASN-27175,Uganda,PMO - US,Direct Drop,EXW,Air,5/12/2014,5/20/2014,30-Jul-14,30-Jul-14,7-Aug-14,HRDT,HIV test,"CHEMBIO DIAGNOSTIC SYSTEMS, INC.","HIV 1/2, Stat-Pak HIV, Kit, 20 Tests","HIV 1/2, Stat-Pak HIV, Kit",Stat-Pak,,Test kit,20,2388,74028.0,31.0,1.55,Chembio Diagnostics Sys. Inc.,Yes,740,5718.39,76.1
16232,106-HT-T30,FPQ-9066,SCMS-138580,ASN-14408,Haiti,PMO - US,Direct Drop,EXW,Air,1/6/2012,2/24/2012,22-Apr-12,22-Apr-12,22-Apr-12,ARV,Pediatric,Aurobindo Pharma Limited,"Nevirapine 50mg, dispersible tablets (tablets for oral suspension), 30 Tabs",Nevirapine,Generic,50mg,Chewable/dispersible tablet,30,2894,3617.5,1.25,0.04,"Aurobindo Unit III, India",Yes,1486,12749.39,5.07
10748,114-UG-T01,Pre-PQ Process,SO-17870,DN-986,Uganda,PMO - US,From RDC,N/A - From RDC,Air,Pre-PQ Process,N/A - From RDC,9-Jan-09,9-Jan-09,9-Jan-09,ARV,Adult,SCMS from RDC,"Lamivudine/Nevirapine/Zidovudine 150/200/300mg, tablets, 60 Tabs",Lamivudine/Nevirapine/Zidovudine,Generic,150/300/200mg,Tablet - FDC,60,6296,74292.8,11.8,0.2,"Aurobindo Unit III, India",Yes,822,7321.04,145.61
85161,111-MZ-T30,FPQ-6426,SO-37610,DN-2037,Mozambique,PMO - US,From RDC,N/A - From RDC,Air,9/23/2010,N/A - From RDC,30-Nov-10,13-Dec-10,13-Dec-10,ARV,Adult,SCMS from RDC,"Lamivudine/Stavudine 150/30mg, tablets, 60 Tabs",Lamivudine/Stavudine,Generic,150/30mg,Tablet - FDC,60,8556,28063.68,3.28,0.05,Mylan (formerly Matrix) Nashik,Yes,643,4156.94,60.51
85591,103-ZW-T30,FPQ-15197,SO-50010,DN-4243,Zimbabwe,PMO - US,From RDC,N/A - From RDC,Truck,10/16/2014,N/A - From RDC,30-Apr-15,30-Apr-15,30-Apr-15,ARV,Pediatric,SCMS from RDC,"Lamivudine/Nevirapine/Zidovudine 30/50/60mg, dispersible tablets, 60 Tabs",Lamivudine/Nevirapine/Zidovudine,Generic,30/50/60mg,Chewable/dispersible tablet - FDC,60,149944,539798.4,3.6,0.06,"Mylan,  H-12 & H-13, India",No,See DN-4243 (ID#:83907),See DN-4243 (ID#:83907),635.34
11222,112-NG-T01,Pre-PQ Process,SO-1570,DN-535,Nigeria,PMO - US,From RDC,N/A - From RDC,Air,Pre-PQ Process,N/A - From RDC,9-Jan-08,9-Jan-08,9-Jan-08,ARV,Adult,SCMS from RDC,"Lamivudine/Nevirapine/Stavudine 150/200/30mg, tablets, 60 Tabs",Lamivudine/Nevirapine/Stavudine,Generic,150/200/30mg,Tablet - FDC,60,2925,21645.0,7.4,0.12,"Cipla, Goa, India",No,See DN-535 (ID#:10658),See DN-535 (ID#:10658),34.63
61612,106-HT-T30,FPQ-14895,SCMS-261010,ASN-32057,Haiti,PMO - US,Direct Drop,EXW,Air,9/24/2014,11/14/2014,28-May-15,28-May-15,29-May-15,ARV,Adult,EMCURE PHARMACEUTICALS LTD,"Atazanavir/Ritonavir 300/100mg, tablets, 30 Tabs",Atazanavir/Ritonavir,Generic,300/100mg,Tablet,30,1000,18000.0,18.0,0.6,"Emcure Plot No.P-2, I.T-B.T. Park, Phase II, MIDC, Hinjwadi, Pune, India",Yes,132,1579.89,18.5
42179,116-ZA-T30,FPQ-12522,SCMS-199283,ASN-27980,South Africa,PMO - US,Direct Drop,DDP,Truck,7/11/2013,8/27/2014,27-Aug-14,27-Aug-14,27-Aug-14,ARV,Adult,S. BUYS WHOLESALER,"Nevirapine 200mg, tablets, 60 Tabs",Nevirapine,Generic,200mg,Tablet,60,22,433.8,19.72,0.33,"Aurobindo Unit III, India",No,Weight Captured Separately,Freight Included in Commodity Cost,0.54
2823,102-GY-T01,Pre-PQ Process,SCMS-11670,ASN-967,Guyana,PMO - US,Direct Drop,EXW,Air,Pre-PQ Process,8/28/2007,3-Dec-07,3-Dec-07,3-Dec-07,HRDT,HIV test,"Trinity Biotech, Plc","HIV 1/2, Uni-Gold HIV Kit, 20 Tests","HIV 1/2, Uni-Gold HIV Kit",Uni-Gold,,Test kit,20,2220,71040.0,32.0,1.6,"Trinity Biotech, Plc",Yes,732,6524.19,113.66
39708,104-CI-T30,FPQ-3967,SCMS-52650,ASN-5060,Côte d'Ivoire,PMO - US,Direct Drop,FCA,Air,8/21/2009,9/11/2009,23-Oct-09,23-Oct-09,23-Oct-09,ARV,Adult,ABBVIE LOGISTICS (FORMERLY ABBOTT LOGISTICS BV),"Ritonavir 100mg [Norvir], capsules, cool, 4 x 84 Caps",Ritonavir,Norvir,100mg,Capsule,336,300,11508.0,38.36,0.11,ABBVIE (Abbott) Logis. UK,Yes,546,4901.51,22.56
83527,114-UG-T30,FPQ-7652,SO-39500,DN-2326,Uganda,PMO - US,From RDC,N/A - From RDC,Truck,4/29/2011,N/A - From RDC,5-Sep-11,23-Aug-11,23-Aug-11,ARV,Adult,SCMS from RDC,"Lamivudine/Nevirapine/Zidovudine 150/200/300mg, tablets, 60 Tabs",Lamivudine/Nevirapine/Zidovudine,Generic,150/300/200mg,Tablet - FDC,60,6139,68879.58,11.22,0.19,Mylan (formerly Matrix) Nashik,Yes,1518,6561.51,113.65
68230,108-VN-T30,FPQ-4720,SCMS-62380,ASN-6188,Vietnam,PMO - US,Direct Drop,FCA,Air,1/4/2009,1/11/2010,15-Mar-10,15-Mar-10,15-Mar-10,ARV,Adult,ABBVIE LOGISTICS (FORMERLY ABBOTT LOGISTICS BV),"Lopinavir/Ritonavir 200/50mg [Aluvia], tablets, 120 Tabs",Lopinavir/Ritonavir,Aluvia,200/50mg,Tablet,120,1820,149604.0,82.2,0.68,ABBVIE Ludwigshafen Germany,Yes,445,4755.76,322.55
8714,110-ZM-T01,Pre-PQ Process,SCMS-31390,ASN-3508,Zambia,PMO - US,Direct Drop,EXW,Air,Pre-PQ Process,10/2/2008,18-Mar-09,18-Mar-09,18-Mar-09,HRDT,HIV test - Ancillary,"Orgenics, Ltd","HIV, Lancet, Safety, for HIV Test kits, 100 Pcs","HIV, Lancet, Safety, for HIV Test kits, 100 Pcs",Generic,,Test kit - Ancillary,100,5500,55.0,0.01,0.0,Inverness Japan,No,See ASN-3508 (ID#:3441),See ASN-3508 (ID#:3441),0.11
85539,113-ZW-T30,FPQ-14458,SO-49171,DN-3974,Zimbabwe,PMO - US,From RDC,N/A - From RDC,Truck,6/13/2014,N/A - From RDC,31-Jan-15,30-Oct-14,7-Nov-14,ARV,Adult,SCMS from RDC,"Efavirenz/Lamivudine/Tenofovir Disoproxil Fumarate 600/300/300mg, tablets, 30 Tabs",Efavirenz/Lamivudine/Tenofovir Disoproxil Fumarate,Generic,600/300/300mg,Tablet - FDC,30,6,0.0,0.0,0.0,Cipla Ltd A-42 MIDC Mahar. IN,No,See DN-3974 (ID#:82745),See DN-3974 (ID#:82745),0.0
84367,107-RW-T30,FPQ-12766,SO-46501,DN-3699,Rwanda,PMO - US,From RDC,N/A - From RDC,Truck,8/2/2013,N/A - From RDC,27-Jun-14,6-Jul-14,5-Aug-14,ARV,Adult,SCMS from RDC,"Lamivudine/Tenofovir Disoproxil Fumarate 300/300mg, tablets, 30 Tabs",Lamivudine/Tenofovir Disoproxil Fumarate,Generic,300/300mg,Tablet - FDC,30,53705,249191.2,4.64,0.15,Hetero Unit III Hyderabad IN,Yes,5565,34837.8,308.25
27875,108-VN-T30,FPQ-10811,SCMS-166140,ASN-17572,Vietnam,PMO - US,Direct Drop,EXW,Air,10/15/2012,11/9/2012,9-Jan-13,9-Jan-13,9-Jan-13,ARV,Pediatric,Aurobindo Pharma Limited,"Zidovudine 10mg/ml, oral solution w/syringe, Bottle, 240 ml",Zidovudine,Generic,10mg/ml,Oral solution,240,309,648.9,2.1,0.01,"Aurobindo Unit III, India",No,See ASN-17572 (ID#:19630),See ASN-17572 (ID#:19630),0.8
41132,116-ZA-T30,FPQ-12523,SCMS-199316,ASN-27044,South Africa,PMO - US,Direct Drop,DDP,Truck,7/12/2013,7/4/2014,4-Jul-14,4-Jul-14,4-Jul-14,ARV,Adult,S. BUYS WHOLESALER,"Ritonavir 100mg [Norvir], capsules, cool, 84 Caps",Ritonavir,Norvir,100mg,Capsule,84,3,19.05,6.35,0.08,ABBVIE (Abbott) Logis. UK,Yes,Weight Captured Separately,Freight Included in Commodity Cost,0.02
71462,116-ZA-T30,FPQ-11828,SCMS-183950,ASN-19166,South Africa,South Africa Field Office,Direct Drop,DDP,Truck,3/18/2013,Date Not Captured,16-Apr-13,16-Apr-13,16-Apr-13,ARV,Adult,S. BUYS WHOLESALER,"Lopinavir/Ritonavir 200/50mg [Aluvia], tablets, 120 Tabs",Lopinavir/Ritonavir,Aluvia,200/50mg,Tablet,120,1473,36814.05,24.99,0.21,ABBVIE Ludwigshafen Germany,No,Weight Captured Separately,Freight Included in Commodity Cost,45.54
82476,110-ZM-T30,FPQ-9081,SO-41290,DN-2660,Zambia,PMO - US,From RDC,N/A - From RDC,Truck,12/22/2011,N/A - From RDC,15-Jun-12,28-May-12,28-May-12,ARV,Adult,SCMS from RDC,"Efavirenz/Emtricitabine/Tenofovir Disoproxil Fumarate 600/200/300mg, tablets, 30 Tabs",Efavirenz/Emtricitabine/Tenofovir Disoproxil Fumarate,Generic,600/200/300mg,Tablet - FDC,30,10000,167300.0,16.73,0.56,Mylan (formerly Matrix) Nashik,Yes,1133,6079.27,234.55
85229,101-CD-T30,FPQ-8840,SO-41145,DN-2509,"Congo, DRC",PMO - US,From RDC,N/A - From RDC,Air,11/21/2011,N/A - From RDC,16-Mar-12,13-Apr-12,13-Apr-12,ARV,Adult,SCMS from RDC,"Lamivudine/Tenofovir Disoproxil Fumarate 300/300mg, tablets, 30 Tabs",Lamivudine/Tenofovir Disoproxil Fumarate,Generic,300/300mg,Tablet - FDC,30,19,115.52,6.08,0.2,Mylan (formerly Matrix) Nashik,No,See DN-2509 (ID#:82441),See DN-2509 (ID#:82441),0.16
82172,108-VN-T30,FPQ-6384,SCMS-87780,ASN-9408,Vietnam,PMO - US,Direct Drop,EXW,Air,9/30/2010,10/18/2010,16-Feb-11,16-Feb-11,16-Feb-11,ARV,Adult,HETERO LABS LIMITED,"Stavudine 30mg, capsules, 60 Caps",Stavudine,Generic,30mg,Capsule,60,15572,22579.4,1.45,0.02,Hetero Unit III Hyderabad IN,No,See ASN-9408 (ID#:39263),See ASN-9408 (ID#:39263),48.68
85210,107-RW-T30,FPQ-8372,SO-40980,DN-2432,Rwanda,PMO - US,From RDC,N/A - From RDC,Truck,10/19/2011,N/A - From RDC,8-Dec-11,25-Nov-11,25-Nov-11,ARV,Adult,SCMS from RDC,"Didanosine 400mg, delayed-release capsules, 30 Caps",Didanosine,Generic,400mg,Delayed-release capsules,30,263,5260.0,20.0,0.67,"Aurobindo Unit III, India",Yes,21,14622.43,8.68
45,109-TZ-T01,Pre-PQ Process,SCMS-140,ASN-94,Tanzania,PMO - US,Direct Drop,EXW,Air,Pre-PQ Process,Date Not Captured,24-Nov-06,24-Nov-06,24-Nov-06,ARV,Adult,Aurobindo Pharma Limited,"Nevirapine 200mg, tablets, 60 Tabs",Nevirapine,Generic,200mg,Tablet,60,16667,60834.55,3.65,0.06,"Aurobindo Unit III, India",Yes,1478,6212.41,
85451,105-GH-T30,FPQ-13609,SO-47930,DN-3590,Ghana,PMO - US,From RDC,N/A - From RDC,Air,2/19/2014,N/A - From RDC,7-Apr-14,7-Apr-14,17-Apr-14,ARV,Adult,SCMS from RDC,"Lamivudine/Tenofovir Disoproxil Fumarate 300/300mg, tablets, 30 Tabs",Lamivudine/Tenofovir Disoproxil Fumarate,Generic,300/300mg,Tablet - FDC,30,34224,160852.8,4.7,0.16,Hetero Unit III Hyderabad IN,No,See DN-3590 (ID#:84350),See DN-3590 (ID#:84350),165.36
84350,105-GH-T30,FPQ-13609,SO-47930,DN-3590,Ghana,PMO - US,From RDC,N/A - From RDC,Air,2/19/2014,N/A - From RDC,7-Apr-14,7-Apr-14,17-Apr-14,ARV,Adult,SCMS from RDC,"Efavirenz/Lamivudine/Tenofovir Disoproxil Fumarate 600/300/300mg, tablets, 30 Tabs",Efavirenz/Lamivudine/Tenofovir Disoproxil Fumarate,Generic,600/300/300mg,Tablet - FDC,30,16834,182985.58,10.87,0.36,Mylan (formerly Matrix) Nashik,Yes,5447,38560.67,188.11
6931,109-TZ-T01,Pre-PQ Process,SCMS-16760,ASN-1697,Tanzania,PMO - US,Direct Drop,CIP,Air,Pre-PQ Process,1/24/2008,8-May-08,8-May-08,8-May-08,ARV,Pediatric,GLAXOSMITHKLINE EXPORT LIMITED,"Abacavir 20mg/ml [Ziagen], oral solution, Bottle, 240 ml",Abacavir,Ziagen,20mg/ml,Oral solution,240,132,3300.0,25.0,0.1,GSK Mississauga (Canada),Yes,Weight Captured Separately,Freight Included in Commodity Cost,5.28
86164,151-NG-T30,FPQ-14766,SO-49682,DN-4122,Nigeria,PMO - US,From RDC,N/A - From RDC,Air Charter,8/13/2014,N/A - From RDC,28-Feb-15,5-Feb-15,10-Feb-15,ARV,Adult,SCMS from RDC,"Lamivudine/Nevirapine/Zidovudine 150/200/300mg, tablets, 60 Tabs",Lamivudine/Nevirapine/Zidovudine,Generic,150/300/200mg,Tablet - FDC,60,183995,1420441.4,7.72,0.13,"Strides, Bangalore, India.",No,See DN-4122 (ID#:85012),See DN-4122 (ID#:85012),1460.21
18679,106-HT-T30,FPQ-11442,SCMS-177150,ASN-19530,Haiti,PMO - US,Direct Drop,EXW,Ocean,1/30/2013,3/7/2013,25-Jul-13,25-Jul-13,25-Jul-13,ARV,Adult,HETERO LABS LIMITED,"Efavirenz/Lamivudine/Tenofovir Disoproxil Fumarate 600/300/300mg, tablets, 30 Tabs",Efavirenz/Lamivudine/Tenofovir Disoproxil Fumarate,Generic,600/300/300mg,Tablet - FDC,30,54090,567945.0,10.5,0.35,Hetero Unit III Hyderabad IN,Yes,7140,7992.56,702.55
86701,114-UG-T30,FPQ-14396,SO-48991,DN-3880,Uganda,PMO - US,From RDC,N/A - From RDC,Truck,6/4/2014,N/A - From RDC,28-Nov-14,22-Aug-14,26-Aug-14,ARV,Adult,SCMS from RDC,"Lopinavir/Ritonavir 200/50mg [Aluvia], tablets, 120 Tabs",Lopinavir/Ritonavir,Aluvia,200/50mg,Tablet,120,5337,100869.3,18.9,0.16,ABBVIE Ludwigshafen Germany,Yes,1089,3730.8,103.69
85324,101-CD-T30,FPQ-11054,SO-43680,DN-2981,"Congo, DRC",PMO - US,From RDC,N/A - From RDC,Air,11/16/2012,N/A - From RDC,11-Sep-13,11-Sep-13,11-Sep-13,ARV,Pediatric,SCMS from RDC,"Nevirapine 10mg/ml, oral suspension w/syringe, Bottle, 240 ml",Nevirapine,Generic,10mg/ml,Oral suspension,240,7003,13655.85,1.95,0.01,"Aurobindo Unit III, India",No,See DN-2981 (ID#:82538),See DN-2981 (ID#:82538),16.89
38111,114-UG-T30,FPQ-15674,SCMS-277510,ASN-32498,Uganda,PMO - US,Direct Drop,EXW,Air,1/12/2015,2/23/2015,20-Jun-15,20-Jun-15,23-Jun-15,ARV,Adult,MYLAN LABORATORIES LTD (FORMERLY MATRIX LABORATORIES),"Atazanavir/Ritonavir 300/100mg, tablets, 30 Tabs",Atazanavir/Ritonavir,Generic,300/100mg,Tablet,30,12370,241215.0,19.5,0.65,Mylan (formerly Matrix) Nashik,Yes,1652,7172.9,283.91
5295,102-NG-T01,Pre-PQ Process,SCMS-229,ASN-155,Nigeria,PMO - US,Direct Drop,EXW,Air,Pre-PQ Process,Date Not Captured,17-Dec-06,17-Dec-06,17-Dec-06,HRDT,HIV test,Orasure Technologies Inc.,"HIV 1/2, OraQuick Advance HIV Rapid Antibody Kit, 100 Tests","HIV 1/2, OraQuick Advance HIV Rapid Antibody Kit",OraQuick,,Test kit,100,8,3200.0,400.0,4.0,"Pacific Biotech, Thailand",Yes,Weight Captured Separately,Invoiced Separately,
7126,116-ZA-T01,Pre-PQ Process,SCMS-23500,ASN-2484,South Africa,PMO - US,Direct Drop,DDP,Truck,Pre-PQ Process,Date Not Captured,20-Aug-08,14-Aug-08,14-Aug-08,ARV,Adult,S. BUYS WHOLESALER,"Emtricitabine/Tenofovir Disoproxil Fumarate 200/300mg [Truvada], tablets, 30 Tabs",Emtricitabine/Tenofovir Disoproxil Fumarate,Truvada,300/200mg,Tablet - FDC,30,150,5737.5,38.25,1.27,Gilead(Nycomed) Oranienburg DE,Yes,Weight Captured Separately,Freight Included in Commodity Cost,9.18
3956,108-VN-T01,Pre-PQ Process,SCMS-171,ASN-294,Vietnam,PMO - US,Direct Drop,FCA,Air,Pre-PQ Process,11/13/2006,27-Mar-07,27-Mar-07,27-Mar-07,ARV,Adult,Hoffmann-La Roche ltd Basel,"Nelfinavir (as mesilate) 250mg [Viracept], tablets, 270 Tabs",Nelfinavir (as mesilate),Viracept,250mg,Tablet,270,200,32688.0,163.44,0.61,Roche Madrid,Yes,54,13981.96,
7731,116-ZA-T01,Pre-PQ Process,SCMS-41140,ASN-3752,South Africa,PMO - US,Direct Drop,DDP,Air,Pre-PQ Process,Date Not Captured,31-Mar-09,21-Nov-08,21-Nov-08,ARV,Pediatric,S. BUYS WHOLESALER,"Efavirenz 50mg [Stocrin/Sustiva], capsule, 30 Caps",Efavirenz,Stocrin/Sustiva,50mg,Capsule,30,400,912.0,2.28,0.08,"MSD Midrand, J'burg, SA",No,Weight Captured Separately,Freight Included in Commodity Cost,1.79
83958,106-HT-T30,FPQ-4469,SO-34220,DN-1503,Haiti,PMO - US,From RDC,N/A - From RDC,Air,9/23/2009,N/A - From RDC,18-Nov-09,5-Nov-09,5-Nov-09,ARV,Adult,SCMS from RDC,"Lamivudine 150mg, tablets, 60 Tabs",Lamivudine,Generic,150mg,Tablet,60,10167,24807.48,2.44,0.04,"Aurobindo Unit III, India",Yes,487,6113.34,53.48
83399,110-ZM-T30,FPQ-4035,SO-35220,DN-1644,Zambia,PMO - US,From RDC,N/A - From RDC,Truck,8/5/2009,N/A - From RDC,2-Mar-10,5-Mar-10,5-Mar-10,ARV,Adult,SCMS from RDC,"Nevirapine 200mg, tablets, 60 Tabs",Nevirapine,Generic,200mg,Tablet,60,20000,54600.0,2.73,0.05,"Aurobindo Unit III, India",Yes,1946,3379.64,107.02
83238,106-HT-T30,FPQ-13648,SO-47810,DN-3660,Haiti,PMO - US,From RDC,N/A - From RDC,Air,2/3/2014,N/A - From RDC,7-May-14,12-Jun-14,12-Jun-14,ARV,Adult,SCMS from RDC,"Lamivudine/Zidovudine 150/300mg, tablets, 60 Tabs",Lamivudine/Zidovudine,Generic,150/300mg,Tablet - FDC,60,13626,91702.98,6.73,0.11,Hetero Unit III Hyderabad IN,Yes,1216,5698.48,94.27
84498,154-NG-T30,FPQ-3815,SO-32273,DN-1333,Nigeria,PMO - US,From RDC,N/A - From RDC,Air,5/26/2009,N/A - From RDC,17-Sep-09,14-Sep-09,14-Sep-09,ARV,Adult,SCMS from RDC,"Lamivudine/Zidovudine 150/300mg, tablets, 60 Tabs",Lamivudine/Zidovudine,Generic,150/300mg,Tablet - FDC,60,316,2768.16,8.76,0.15,"Aurobindo Unit III, India",No,See DN-1333 (ID#:82839),See DN-1333 (ID#:82839),5.43
27798,117-ET-T30,FPQ-4731,SCMS-59590,ASN-6042,Ethiopia,PMO - US,Direct Drop,EXW,Air,12/10/2009,12/18/2009,15-Feb-10,15-Feb-10,15-Feb-10,ARV,Adult,MYLAN LABORATORIES LTD (FORMERLY MATRIX LABORATORIES),"Efavirenz 600mg, tablets, 30 Tabs",Efavirenz,Generic,600mg,Tablet,30,7197,32314.53,4.49,0.15,Mylan (formerly Matrix) Nashik,Yes,530,1860.69,69.67
12434,117-ET-T01,Pre-PQ Process,SO-919,DN-389,Ethiopia,PMO - US,From RDC,N/A - From RDC,,Pre-PQ Process,N/A - From RDC,31-Oct-07,31-Oct-07,31-Oct-07,ARV,Adult,SCMS from RDC,"Lamivudine 150mg, tablets, 60 Tabs",Lamivudine,Generic,150mg,Tablet,60,3145,9560.8,3.04,0.05,"Aurobindo Unit III, India",Yes,162,810.86,15.3
82423,151-NG-T30,FPQ-8364,SO-40653,DN-2455,Nigeria,PMO - US,From RDC,N/A - From RDC,Air Charter,8/29/2011,N/A - From RDC,2-Mar-12,18-Dec-11,18-Dec-11,ARV,Adult,SCMS from RDC,"Emtricitabine/Tenofovir Disoproxil Fumarate 200/300mg, tablets, 30 Tabs",Emtricitabine/Tenofovir Disoproxil Fumarate,Generic,200/300mg,Tablet - FDC,30,5950,53371.5,8.97,0.3,"Aurobindo Unit III, India",Yes,631,15322.73,88.06
86380,110-ZM-T30,FPQ-6482,SO-38970,DN-2154,Zambia,PMO - US,From RDC,N/A - From RDC,Truck,10/15/2010,N/A - From RDC,11-Apr-11,20-May-11,20-May-11,ARV,Adult,SCMS from RDC,"Nevirapine 200mg, tablets, 60 Tabs",Nevirapine,Generic,200mg,Tablet,60,10927,27426.77,2.51,0.04,Hetero Unit III Hyderabad IN,No,See DN-2154 (ID#:84084),See DN-2154 (ID#:84084),59.13
85650,111-MZ-T30,FPQ-4471,SO-33590,DN-1628,Mozambique,PMO - US,From RDC,N/A - From RDC,Air,9/14/2009,N/A - From RDC,14-Apr-10,14-Apr-10,14-Apr-10,ARV,Adult,SCMS from RDC,"Lamivudine/Nevirapine/Zidovudine 150/200/300mg, tablets, 60 Tabs",Lamivudine/Nevirapine/Zidovudine,Generic,150/300/200mg,Tablet - FDC,60,69685,781865.7,11.22,0.19,Mylan (formerly Matrix) Nashik,No,See DN-1628 (ID#:82291),See DN-1628 (ID#:82291),1532.46
58398,109-TZ-T30,FPQ-7909,SCMS-114980,ASN-12093,Tanzania,PMO - US,Direct Drop,EXW,Air,6/24/2011,7/18/2011,29-Sep-11,29-Sep-11,29-Sep-11,HRDT,HIV test,"Standard Diagnostics, Inc.","HIV 1/2, Bioline 3.0 Kit, Lancets, Capillary pipets, Alcohol swabs included, 25 Tests","HIV 1/2, Bioline 3.0 Kit, Lancets, Capillary pipets, Alcohol swabs included",Bioline,,Test kit,25,8000,160000.0,20.0,0.8,"Standard Diagnostics, Korea",Yes,2667,17773.94,264.0
24461,116-ZA-T30,FPQ-12522,SCMS-199289,ASN-28036,South Africa,PMO - US,Direct Drop,DDP,Truck,7/11/2013,8/29/2014,29-Aug-14,29-Aug-14,29-Aug-14,ARV,Pediatric,S. BUYS WHOLESALER,"Efavirenz 50mg, capsule, 30 Caps",Efavirenz,Generic,50mg,Capsule,30,119,394.64,3.32,0.11,"Aurobindo Unit III, India",No,Weight Captured Separately,Freight Included in Commodity Cost,0.49
12667,104-CI-T01,Pre-PQ Process,SO-524,DN-268,Côte d'Ivoire,PMO - US,From RDC,N/A - From RDC,,Pre-PQ Process,N/A - From RDC,14-Aug-07,14-Aug-07,14-Aug-07,ARV,Pediatric,SCMS from RDC,"Zidovudine 10mg/ml, oral solution, Bottle, 240 ml",Zidovudine,Generic,10mg/ml,Oral solution,240,5076,20050.2,3.95,0.02,"Aurobindo Unit III, India",No,See DN-268 (ID#:12074),See DN-268 (ID#:12074),32.08
82837,154-NG-T30,FPQ-3815,SO-32270,DN-1311,Nigeria,PMO - US,From RDC,N/A - From RDC,Air Charter,5/26/2009,N/A - From RDC,30-Jul-09,4-Aug-09,4-Aug-09,ARV,Adult,SCMS from RDC,"Lamivudine 150mg, tablets, 60 Tabs",Lamivudine,Generic,150mg,Tablet,60,50,122.0,2.44,0.04,"Aurobindo Unit III, India",Yes,112,7445.8,0.24
58484,901-CM-T30,FPQ-12837,SCMS-204290,ASN-23338,Cameroon,PMO - US,Direct Drop,EXW,Air,8/19/2013,8/23/2013,8-Jan-14,8-Jan-14,10-Jan-14,ARV,Adult,Aurobindo Pharma Limited,"Efavirenz/Lamivudine/Tenofovir Disoproxil Fumarate 600/300/300mg, tablets, 30 Tabs",Efavirenz/Lamivudine/Tenofovir Disoproxil Fumarate,Generic,600/300/300mg,Tablet - FDC,30,37470,417790.5,11.15,0.37,"Aurobindo Unit VII, IN",Yes,4927,65875.32,516.81
30618,108-VN-T30,FPQ-9001,SCMS-131700,ASN-14757,Vietnam,PMO - US,Direct Drop,EXW,Air,12/15/2011,1/16/2012,15-May-12,15-May-12,15-May-12,ARV,Adult,MYLAN LABORATORIES LTD (FORMERLY MATRIX LABORATORIES),"Abacavir 300mg, tablets, 60 Tabs",Abacavir,Generic,300mg,Tablet,60,632,8216.0,13.0,0.22,Mylan (formerly Matrix) Nashik,Yes,4669,8334.77,11.52
83249,109-TZ-T30,FPQ-12587,SO-46005,DN-3759,Tanzania,PMO - US,From RDC,N/A - From RDC,Truck,7/4/2013,N/A - From RDC,30-Jun-14,24-Jun-14,1-Jul-14,ARV,Adult,SCMS from RDC,"Lopinavir/Ritonavir 200/50mg [Aluvia], tablets, 120 Tabs",Lopinavir/Ritonavir,Aluvia,200/50mg,Tablet,120,10724,202683.6,18.9,0.16,ABBVIE Ludwigshafen Germany,Yes,2209,2994.63,250.72
84816,114-UG-T30,FPQ-11133,SO-43873,DN-3153,Uganda,PMO - US,From RDC,N/A - From RDC,Truck,12/13/2012,N/A - From RDC,28-Jun-13,7-Jun-13,7-Jun-13,ARV,Adult,SCMS from RDC,"Lamivudine/Zidovudine 150/300mg, tablets, 60 Tabs",Lamivudine/Zidovudine,Generic,150/300mg,Tablet - FDC,60,3173,22211.0,7.0,0.12,"Cipla, Goa, India",No,See DN-3153 (ID#:82575),See DN-3153 (ID#:82575),27.48
86082,109-TZ-T30,FPQ-13566,SO-47662,DN-3700,Tanzania,PMO - US,From RDC,N/A - From RDC,Truck,1/15/2014,N/A - From RDC,29-Jul-14,2-Aug-14,4-Aug-14,ARV,Pediatric,SCMS from RDC,"Lamivudine/Nevirapine/Zidovudine 30/50/60mg, dispersible tablets, 60 Tabs",Lamivudine/Nevirapine/Zidovudine,Generic,30/50/60mg,Chewable/dispersible tablet - FDC,60,14789,55458.75,3.75,0.06,Mylan (formerly Matrix) Nashik,Yes,825,5137.06,57.01
23280,161-ZA-T30,FPQ-5303,SCMS-68910,ASN-7439,South Africa,PMO - US,Direct Drop,DDP,Air,3/18/2010,3/19/2010,24-Aug-10,24-Aug-10,24-Aug-10,ARV,Adult,Aurobindo Pharma Limited,"Efavirenz 600mg, tablets, 30 Tabs",Efavirenz,Generic,600mg,Tablet,30,57600,268992.0,4.67,0.16,"Aurobindo Unit III, India",Yes,4872,5886.9,579.95
84259,151-NG-T30,FPQ-11022,SO-43842,DN-3148,Nigeria,PMO - US,From RDC,N/A - From RDC,Air Charter,11/15/2012,N/A - From RDC,21-May-13,6-May-13,6-May-13,ARV,Adult,SCMS from RDC,"Nevirapine 200mg, tablets, 60 Tabs",Nevirapine,Generic,200mg,Tablet,60,14344,32417.44,2.26,0.04,"Aurobindo Unit III, India",No,See DN-3148 (ID#:82574),See DN-3148 (ID#:82574),40.1
85140,151-NG-T30,FPQ-5023,SO-36464,DN-1994,Nigeria,PMO - US,From RDC,N/A - From RDC,Air Charter,2/10/2010,N/A - From RDC,12-Aug-10,17-Aug-10,17-Aug-10,ARV,Adult,SCMS from RDC,"Nevirapine 200mg, tablets, 60 Tabs",Nevirapine,Generic,200mg,Tablet,60,28600,78078.0,2.73,0.05,"Aurobindo Unit III, India",Yes,3344,6147.14,168.34
81483,108-VN-T30,FPQ-10286,SCMS-156150,ASN-16914,Vietnam,PMO - US,Direct Drop,EXW,Air,7/25/2012,8/15/2012,12-Nov-12,12-Nov-12,12-Nov-12,ARV,Adult,CIPLA LIMITED,"Zidovudine 300mg, tablets, 60 Tabs",Zidovudine,Generic,300mg,Tablet,60,525,3465.0,6.6,0.11,"Cipla, Goa, India",Yes,34,807.47,4.86
62421,116-ZA-T30,FPQ-15269,SCMS-267020,ASN-29764,South Africa,PMO - US,Direct Drop,DDP,Truck,10/29/2014,12/10/2014,10-Dec-14,10-Dec-14,10-Dec-14,ARV,Adult,S. BUYS WHOLESALER,"Efavirenz 600mg, tablets, 30 Tabs",Efavirenz,Generic,600mg,Tablet,30,912,12596.09,13.81,0.46,"Aurobindo Unit III, India",No,Weight Captured Separately,Freight Included in Commodity Cost,14.83
61354,116-ZA-T30,FPQ-14942,SCMS-259078,ASN-33470,South Africa,PMO - US,Direct Drop,DDP,Truck,9/11/2014,10/9/2014,24-Jul-15,24-Jul-15,24-Jul-15,ARV,Adult,PHARMACY DIRECT,"Tenofovir Disoproxil Fumarate 300mg, tablets, 30 Tabs",Tenofovir Disoproxil Fumarate,Generic,300mg,Tablet,30,38,564.39,14.85,0.5,Mylan (formerly Matrix) Nashik,No,Weight Captured Separately,Freight Included in Commodity Cost,0.58
11320,111-MZ-T01,Pre-PQ Process,SO-30140,DN-1233,Mozambique,PMO - US,From RDC,N/A - From RDC,Air,Pre-PQ Process,N/A - From RDC,16-Jun-09,16-Jun-09,16-Jun-09,ARV,Adult,SCMS from RDC,"Lamivudine/Nevirapine/Zidovudine 150/200/300mg, tablets, 60 Tabs",Lamivudine/Nevirapine/Zidovudine,Generic,150/300/200mg,Tablet - FDC,60,7044,83119.2,11.8,0.2,Mylan (formerly Matrix) Nashik,Yes,Weight Captured Separately,Invoiced Separately,162.91
45400,108-VN-T30,FPQ-4302,SCMS-53720,ASN-5183,Vietnam,PMO - US,Direct Drop,FCA,Air,9/18/2009,9/24/2009,3-Nov-09,3-Nov-09,3-Nov-09,ARV,Adult,ABBVIE LOGISTICS (FORMERLY ABBOTT LOGISTICS BV),"Ritonavir 100mg [Norvir], capsules, cool, 4 x 84 Caps",Ritonavir,Norvir,100mg,Capsule,336,40,3068.8,76.72,0.23,ABBVIE (Abbott) Logis. UK,Yes,114,4410.73,6.01
10390,116-ZA-T01,Pre-PQ Process,SCMS-47380,ASN-4285,South Africa,PMO - US,Direct Drop,DDP,Truck,Pre-PQ Process,4/2/2009,15-May-09,21-Apr-09,21-Apr-09,ARV,Adult,S. BUYS WHOLESALER,"Saquinavir 200mg [Invirase], capsules, 270 Caps",Saquinavir,Invirase,200mg,Capsule,270,30,1970.4,65.68,0.24,Roche Basel,No,Weight Captured Separately,Freight Included in Commodity Cost,3.86
9536,100-HT-T01,Pre-PQ Process,SCMS-15870,ASN-1319,Haiti,PMO - US,Direct Drop,EXW,Air,Pre-PQ Process,1/3/2008,18-Feb-08,18-Feb-08,18-Feb-08,HRDT,HIV test,"Trinity Biotech, Plc","HIV 1/2, Capillus HIV Kit, 100 Tests","HIV 1/2, Capillus HIV Kit",Capillus,,Test kit,100,2,278.0,139.0,1.39,"Trinity Biotech, Plc",Yes,Weight Captured Separately,Invoiced Separately,0.44
11258,111-MZ-T01,Pre-PQ Process,SO-1615,DN-698,Mozambique,PMO - US,From RDC,N/A - From RDC,Air,Pre-PQ Process,N/A - From RDC,23-Jun-08,23-Jun-08,23-Jun-08,ARV,Adult,SCMS from RDC,"Zidovudine 300mg, tablets, 60 Tabs",Zidovudine,Generic,300mg,Tablet,60,3060,24939.0,8.15,0.14,"Aurobindo Unit III, India",No,See DN-698 (ID#:10970),See DN-698 (ID#:10970),39.9
28262,161-ZA-T30,FPQ-7175,SCMS-103840,ASN-10874,South Africa,PMO - US,Direct Drop,DDP,Ocean,3/10/2011,3/28/2011,14-Jul-11,14-Jul-11,14-Jul-11,ARV,Adult,CIPLA LIMITED,"Tenofovir Disoproxil Fumarate 300mg, tablets, 30 Tabs",Tenofovir Disoproxil Fumarate,Generic,300mg,Tablet,30,48000,310560.0,6.47,0.22,"Cipla, Goa, India",Yes,3247,7180.16,512.42
12334,113-ZW-T01,Pre-PQ Process,SO-224,DN-32,Zimbabwe,PMO - US,From RDC,N/A - From RDC,,Pre-PQ Process,N/A - From RDC,23-Mar-07,23-Mar-07,23-Mar-07,ARV,Adult,SCMS from RDC,"Efavirenz 600mg, tablets, 30 Tabs",Efavirenz,Generic,600mg,Tablet,30,7000,113750.0,16.25,0.54,"Aurobindo Unit III, India",Yes,581,1886.21,
33861,116-ZA-T30,FPQ-13973,SCMS-238550,ASN-30792,South Africa,PMO - US,Direct Drop,DDP,Truck,4/30/2014,5/8/2014,19-Feb-15,19-Feb-15,19-Feb-15,ARV,Adult,PHARMACY DIRECT,"Didanosine 400mg, delayed-release capsules, 30 Caps",Didanosine,Generic,400mg,Delayed-release capsules,30,3,59.03,19.68,0.66,"Aurobindo Unit III, India",No,Weight Captured Separately,Freight Included in Commodity Cost,0.06
85122,151-NG-T30,FPQ-4537,SO-35055,DN-1855,Nigeria,PMO - US,From RDC,N/A - From RDC,Air,11/6/2009,N/A - From RDC,31-May-10,18-May-10,18-May-10,ARV,Adult,SCMS from RDC,"Lamivudine/Zidovudine 150/300mg, tablets, 60 Tabs",Lamivudine/Zidovudine,Generic,150/300mg,Tablet - FDC,60,176143,1543012.68,8.76,0.15,Hetero Unit III Hyderabad IN,Yes,15200,9735.95,3326.74
86672,104-CI-T30,FPQ-12800,SO-46423,DN-3630,Côte d'Ivoire,PMO - US,From RDC,N/A - From RDC,Air,8/9/2013,N/A - From RDC,30-Apr-14,25-Apr-14,6-Jun-14,ARV,Adult,SCMS from RDC,"Tenofovir Disoproxil Fumarate 300mg, tablets, 30 Tabs",Tenofovir Disoproxil Fumarate,Generic,300mg,Tablet,30,700,2646.0,3.78,0.13,Hetero Unit III Hyderabad IN,No,See DN-3630 (ID#:84916),See DN-3630 (ID#:84916),3.27
85802,113-ZW-T30,FPQ-7052,SO-38513,DN-2410,Zimbabwe,PMO - US,From RDC,N/A - From RDC,Truck,1/19/2011,N/A - From RDC,14-Nov-11,21-Nov-11,21-Nov-11,ARV,Adult,SCMS from RDC,"Lamivudine/Stavudine 150/30mg, tablets, 60 Tabs",Lamivudine/Stavudine,Generic,150/30mg,Tablet - FDC,60,4593,13549.35,2.95,0.05,"Strides, Bangalore, India.",No,See DN-2410 (ID#:84678),See DN-2410 (ID#:84678),22.36
11342,151-NG-T01,Pre-PQ Process,SO-27812,DN-1347,Nigeria,PMO - US,From RDC,N/A - From RDC,Air Charter,Date Not Captured,N/A - From RDC,4-Aug-09,4-Aug-09,4-Aug-09,ARV,Adult,SCMS from RDC,"Emtricitabine/Tenofovir Disoproxil Fumarate 200/300mg [Truvada], tablets, 30 Tabs",Emtricitabine/Tenofovir Disoproxil Fumarate,Truvada,300/200mg,Tablet - FDC,30,240,6300.0,26.25,0.88,"Aspen-OSD, Port Elizabeth, SA",Yes,21,7445.8,12.35
41302,106-HT-T30,FPQ-14895,SCMS-258630,ASN-30066,Haiti,PMO - US,Direct Drop,EXW,Air,9/24/2014,11/14/2014,11-Mar-15,11-Mar-15,16-Mar-15,ARV,Adult,MYLAN LABORATORIES LTD (FORMERLY MATRIX LABORATORIES),"Efavirenz/Lamivudine/Tenofovir Disoproxil Fumarate 600/300/300mg, tablets, 30 Tabs",Efavirenz/Lamivudine/Tenofovir Disoproxil Fumarate,Generic,600/300/300mg,Tablet - FDC,30,75000,768000.0,10.24,0.34,Mylan (formerly Matrix) Nashik,Yes,9057,55886.43,789.5
2015,116-ZA-T01,Pre-PQ Process,SCMS-28830,ASN-2503,South Africa,PMO - US,Direct Drop,DDP,Truck,Pre-PQ Process,Date Not Captured,25-Aug-08,14-Aug-08,14-Aug-08,ARV,Pediatric,S. BUYS WHOLESALER,"Nevirapine 10mg/ml [Viramune], oral suspension, Bottle, 240 ml",Nevirapine,Viramune,10mg/ml,Oral suspension,240,40,557.6,13.94,0.06,"BI, Ingelheim, Germany",No,Weight Captured Separately,Freight Included in Commodity Cost,0.89
15867,107-RW-T30,FPQ-8932,SCMS-129870,ASN-13373,Rwanda,PMO - US,Direct Drop,EXW,Air,12/6/2011,12/13/2011,24-Jan-12,26-Jan-12,26-Jan-12,ARV,Adult,Aurobindo Pharma Limited,"Lamivudine/Tenofovir Disoproxil Fumarate 300/300mg, tablets, 30 Tabs",Lamivudine/Tenofovir Disoproxil Fumarate,Generic,300/300mg,Tablet - FDC,30,41286,220880.1,5.35,0.18,"Aurobindo Unit VII, IN",Yes,4027,28833.91,309.67
83992,114-UG-T30,FPQ-4496,SO-35000,DN-1751,Uganda,PMO - US,From RDC,N/A - From RDC,Truck,10/28/2009,N/A - From RDC,12-Apr-10,25-Mar-10,25-Mar-10,ARV,Adult,SCMS from RDC,"Lamivudine/Zidovudine 150/300mg, tablets, 60 Tabs",Lamivudine/Zidovudine,Generic,150/300mg,Tablet - FDC,60,4200,36792.0,8.76,0.15,Hetero Unit III Hyderabad IN,Yes,275,11991.12,79.32
84561,104-CI-T30,FPQ-4659,SO-35560,DN-1799,Côte d'Ivoire,PMO - US,From RDC,N/A - From RDC,Air,12/8/2009,N/A - From RDC,10-May-10,7-May-10,7-May-10,ARV,Adult,SCMS from RDC,"Lamivudine 150mg, tablets, 60 Tabs",Lamivudine,Generic,150mg,Tablet,60,5664,13820.16,2.44,0.04,"Aurobindo Unit III, India",No,See DN-1799 (ID#:84560),See DN-1799 (ID#:84560),29.8
85993,114-UG-T30,FPQ-12253,SO-45450,DN-3290,Uganda,PMO - US,From RDC,N/A - From RDC,Air,5/8/2013,N/A - From RDC,27-Sep-13,27-Sep-13,27-Sep-13,ARV,Adult,SCMS from RDC,"Nevirapine 200mg, tablets, 60 Tabs",Nevirapine,Generic,200mg,Tablet,60,47925,108310.5,2.26,0.04,Hetero Unit III Hyderabad IN,Yes,2933,20719.01,133.98
23105,108-VN-T30,FPQ-6818,SCMS-98180,ASN-10619,Vietnam,PMO - US,Direct Drop,FCA,Air,1/17/2011,2/9/2011,9-May-11,9-May-11,9-May-11,ARV,Adult,ABBVIE LOGISTICS (FORMERLY ABBOTT LOGISTICS BV),"Ritonavir 100mg [Norvir], capsules, cool, 4 x 84 Caps",Ritonavir,Norvir,100mg,Capsule,336,14,2891.14,206.51,0.61,ABBVIE (Abbott) Logis. UK,Yes,52,7339.84,4.77
83498,200-ZW-T30,FPQ-6483,SO-39280,DN-2179,Zimbabwe,PMO - US,From RDC,N/A - From RDC,Truck,10/13/2010,N/A - From RDC,4-Apr-11,20-May-11,20-May-11,ARV,Pediatric,SCMS from RDC,"Lamivudine/Stavudine 60/12mg, dispersible tablets, 60 Tabs",Lamivudine/Stavudine,Generic,60/12mg,Chewable/dispersible tablet - FDC,60,4952,16341.6,3.3,0.06,"Cipla, Goa, India",No,See DN-2179 (ID#:82946),See DN-2179 (ID#:82946),35.23
66207,114-UG-T30,FPQ-4373,SCMS-58240,ASN-6621,Uganda,PMO - US,Direct Drop,EXW,Air,11/25/2009,12/2/2009,21-Apr-10,21-Apr-10,21-Apr-10,ARV,Adult,ASPEN PHARMACARE,"Darunavir 300mg [Prezista], tablets, 120 Tabs",Darunavir,Prezista,300mg,Tablet,120,102,9180.0,90.0,0.75,"Aspen-OSD, Port Elizabeth, SA",Yes,15,845.1,17.99
20264,107-RW-T30,FPQ-12518,SCMS-198222,ASN-24715,Rwanda,PMO - US,Direct Drop,EXW,Air,6/21/2013,8/12/2013,27-Mar-14,27-Mar-14,27-Mar-14,HRDT,HIV test,"SHANGHAI KEHUA BIOENGINEERING CO.,LTD.  (KHB)","HIV 1/2, SKB Colloidal Gold, Diagnostic Kit, Antibody, 50 Tests","HIV 1/2, Colloidal Gold, Diagnostic Kit, Antibody",Colloidal Gold,,Test kit,1,2988,73206.0,24.5,24.5,"KHB Test Kit Facility, Shanghai China",Yes,1992,26266.34,90.56
11880,106-HT-T01,Pre-PQ Process,SO-2059,DN-733,Haiti,PMO - US,From RDC,N/A - From RDC,Air,Pre-PQ Process,N/A - From RDC,26-May-08,26-May-08,26-May-08,ARV,Adult,SCMS from RDC,"Lamivudine/Zidovudine 150/300mg, tablets, 60 Tabs",Lamivudine/Zidovudine,Generic,150/300mg,Tablet - FDC,60,28896,273067.2,9.45,0.16,"Aurobindo Unit III, India",No,See DN-733 (ID#:10688),See DN-733 (ID#:10688),436.91
11970,104-CI-T01,Pre-PQ Process,SO-27520,DN-1234,Côte d'Ivoire,PMO - US,From RDC,N/A - From RDC,Air,Pre-PQ Process,N/A - From RDC,11-Jun-09,11-Jun-09,11-Jun-09,ARV,Pediatric,SCMS from RDC,"Efavirenz 200mg, capsule, 90 Caps",Efavirenz,Generic,200mg,Capsule,90,1680,25636.8,15.26,0.17,"Aurobindo Unit III, India",Yes,3337,9936.96,50.25
77310,108-VN-T30,FPQ-7898,SCMS-113620,ASN-13101,Vietnam,PMO - US,Direct Drop,EXW,Air,6/27/2011,7/8/2011,22-Dec-11,22-Dec-11,22-Dec-11,ARV,Adult,STRIDES ARCOLAB LIMITED,"Lamivudine/Nevirapine/Zidovudine 150/200/300mg, tablets, 60 Tabs",Lamivudine/Nevirapine/Zidovudine,Generic,150/300/200mg,Tablet - FDC,60,20970,222282.0,10.6,0.18,"Strides, Bangalore, India.",Yes,2447,2673.82,366.77
74729,133-NG-T30,FPQ-10349,SCMS-155311,ASN-19163,Nigeria,PMO - US,Direct Drop,EXW,Air,7/17/2012,8/10/2012,6-May-13,6-May-13,6-May-13,HRDT,HIV test,"CHEMBIO DIAGNOSTIC SYSTEMS, INC.","HIV 1/2, Stat-Pak HIV, Kit, 20 Tests","HIV 1/2, Stat-Pak HIV, Kit",Stat-Pak,,Test kit,20,3401,98629.0,29.0,1.45,Chembio Diagnostics Sys. Inc.,Yes,972,10191.28,138.28
61623,106-HT-T30,FPQ-12590,SCMS-210470,ASN-24369,Haiti,PMO - US,Direct Drop,EXW,Ocean,8/21/2013,10/24/2013,9-May-14,9-May-14,12-May-14,ARV,Pediatric,Aurobindo Pharma Limited,"Nevirapine 50mg, dispersible tablets (tablets for oral suspension), 30 Tabs",Nevirapine,Generic,50mg,Chewable/dispersible tablet,30,2293,2866.25,1.25,0.04,"Aurobindo Unit III, India",Yes,122,2461.63,3.55
3768,116-ZA-T01,Pre-PQ Process,SCMS-41582,ASN-4304,South Africa,PMO - US,Direct Drop,DDP,Air,Pre-PQ Process,3/27/2009,25-Jun-09,8-Apr-09,8-Apr-09,ARV,Pediatric,S. BUYS WHOLESALER,"Efavirenz 200mg, capsule, 90 Caps",Efavirenz,Generic,200mg,Capsule,90,2000,43360.0,21.68,0.24,"Aurobindo Unit III, India",No,Weight Captured Separately,Freight Included in Commodity Cost,84.99
12139,104-CI-T01,Pre-PQ Process,SO-1408,DN-478,Côte d'Ivoire,PMO - US,From RDC,N/A - From RDC,Air,Pre-PQ Process,N/A - From RDC,10-Dec-07,10-Dec-07,10-Dec-07,ARV,Adult,SCMS from RDC,"Indinavir 400mg [Crixivan], capsules, 180 Caps",Indinavir,Crixivan,400mg,Capsule,180,2450,122500.0,50.0,0.28,"MSD, Haarlem, NL",No,See DN-478 (ID#:10645),See DN-478 (ID#:10645),196.0
84145,109-TZ-T30,FPQ-8297,SO-40630,DN-2544,Tanzania,PMO - US,From RDC,N/A - From RDC,Truck,8/22/2011,N/A - From RDC,30-Mar-12,12-Mar-12,12-Mar-12,ARV,Adult,SCMS from RDC,"Tenofovir Disoproxil Fumarate 300mg, tablets, 30 Tabs",Tenofovir Disoproxil Fumarate,Generic,300mg,Tablet,30,17440,95920.0,5.5,0.18,Mylan (formerly Matrix) Nashik,Yes,2612,1698.83,158.27
86086,151-NG-T30,FPQ-13293,SO-47271,DN-3721,Nigeria,PMO - US,From RDC,N/A - From RDC,Air Charter,11/19/2013,N/A - From RDC,3-Jun-14,9-May-14,23-May-14,ARV,Adult,SCMS from RDC,"Lamivudine/Nevirapine/Zidovudine 150/200/300mg, tablets, 60 Tabs",Lamivudine/Nevirapine/Zidovudine,Generic,150/300/200mg,Tablet - FDC,60,274715,2227938.65,8.11,0.14,Mylan (formerly Matrix) Nashik,Yes,66966,45180.62,2290.32
11194,104-CI-T01,Pre-PQ Process,SO-1245,DN-423,Côte d'Ivoire,PMO - US,From RDC,N/A - From RDC,Air,Pre-PQ Process,N/A - From RDC,13-Nov-07,13-Nov-07,13-Nov-07,ARV,Adult,SCMS from RDC,"Abacavir/Lamivudine/Zidovudine 300/150/300mg [Trizivir], tablets, 60 Tabs",Abacavir/Lamivudine/Zidovudine,Trizivir,300/150/300mg,Tablet - FDC,60,3300,146850.0,44.5,0.74,GSK Ware (UK),Yes,2143,10137.04,234.96
84810,114-UG-T30,FPQ-11133,SO-43890,DN-3122,Uganda,PMO - US,From RDC,N/A - From RDC,Truck,12/13/2012,N/A - From RDC,7-Jun-13,7-Jun-13,7-Jun-13,ARV,Adult,SCMS from RDC,"Tenofovir Disoproxil Fumarate 300mg, tablets, 30 Tabs",Tenofovir Disoproxil Fumarate,Generic,300mg,Tablet,30,192,775.68,4.04,0.13,Mylan (formerly Matrix) Nashik,No,See DN-3122 (ID#:82570),See DN-3122 (ID#:82570),0.96
5978,116-ZA-T01,Pre-PQ Process,SCMS-28830,ASN-2503,South Africa,PMO - US,Direct Drop,DDP,Truck,Pre-PQ Process,Date Not Captured,25-Aug-08,14-Aug-08,14-Aug-08,ARV,Adult,S. BUYS WHOLESALER,"Stavudine 30mg [Zerit], capsules, 60 Caps",Stavudine,Zerit,30mg,Capsule,60,350,1736.0,4.96,0.08,"BMS Meymac, France",No,Weight Captured Separately,Freight Included in Commodity Cost,2.78
86698,111-MZ-T30,FPQ-14226,SO-49390,DN-3886,Mozambique,PMO - US,From RDC,N/A - From RDC,Truck,5/2/2014,N/A - From RDC,30-Sep-14,30-Oct-14,13-Nov-14,ARV,Adult,SCMS from RDC,"Lamivudine/Tenofovir Disoproxil Fumarate 300/300mg, tablets, 30 Tabs",Lamivudine/Tenofovir Disoproxil Fumarate,Generic,300/300mg,Tablet - FDC,30,2199,10203.36,4.64,0.15,"Aurobindo Unit VII, IN",No,See DN-3886 (ID#:83817),See DN-3886 (ID#:83817),10.49
85300,110-ZM-T30,FPQ-9773,SO-41991,DN-2833,Zambia,PMO - US,From RDC,N/A - From RDC,Truck,4/27/2012,N/A - From RDC,25-Sep-12,7-Sep-12,7-Sep-12,ARV,Adult,SCMS from RDC,"Efavirenz 600mg, tablets, 30 Tabs",Efavirenz,Generic,600mg,Tablet,30,17124,66954.84,3.91,0.13,"Emcure Plot No.P-2, I.T-B.T. Park, Phase II, MIDC, Hinjwadi, Pune, India",No,See DN-2833 (ID#:82506),See DN-2833 (ID#:82506),93.87
74838,112-NG-T30,FPQ-4151,SCMS-54540,ASN-5633,Nigeria,PMO - US,Direct Drop,EXW,Air,9/18/2009,10/7/2009,6-Jan-10,6-Jan-10,6-Jan-10,ACT,ACT,IDA FOUNDATION,"Artemether/Lumefantrine 20/120mg [Coartem], scored tablets, Blister 30 x 18 Tabs",Artemether/Lumefantrine,Coartem,20/120mg,Tablet - FDC + blister,540,30,1207.5,40.25,0.07,"Novartis Pharma AG, Switzerland",Yes,1295,8423.76,2.37
86812,104-CI-T30,FPQ-14370,SO-49090,DN-4177,Côte d'Ivoire,PMO - US,From RDC,N/A - From RDC,Truck,5/23/2014,N/A - From RDC,29-May-15,29-May-15,18-Jun-15,ARV,Adult,SCMS from RDC,"Efavirenz 600mg, tablets, 30 Tabs",Efavirenz,Generic,600mg,Tablet,30,19996,62387.52,3.12,0.1,"Micro labs, Verna, Goa, India",No,See DN-4177 (ID#:82804),See DN-4177 (ID#:82804),64.13
84781,113-ZW-T30,FPQ-10632,SO-43220,DN-2989,Zimbabwe,PMO - US,From RDC,N/A - From RDC,Truck,9/11/2012,N/A - From RDC,11-Feb-13,11-Feb-13,11-Feb-13,ARV,Adult,SCMS from RDC,"Lamivudine/Zidovudine 150/300mg, tablets, 60 Tabs",Lamivudine/Zidovudine,Generic,150/300mg,Tablet - FDC,60,3600,26172.0,7.27,0.12,"Cipla, Goa, India",No,See DN-2989 (ID#:84216),See DN-2989 (ID#:84216),36.69
45652,116-ZA-T30,FPQ-11828,SCMS-183950,ASN-19166,South Africa,South Africa Field Office,Direct Drop,DDP,Truck,3/18/2013,Date Not Captured,16-Apr-13,16-Apr-13,16-Apr-13,ARV,Adult,S. BUYS WHOLESALER,"Emtricitabine/Tenofovir Disoproxil Fumarate 200/300mg, tablets, 30 Tabs",Emtricitabine/Tenofovir Disoproxil Fumarate,Generic,200/300mg,Tablet - FDC,30,3,91.69,30.56,1.02,"Aurobindo Unit III, India",No,Weight Captured Separately,Freight Included in Commodity Cost,0.11
83714,114-UG-T30,FPQ-12253,SO-45490,DN-3305,Uganda,PMO - US,From RDC,N/A - From RDC,Air,5/8/2013,N/A - From RDC,29-Nov-13,16-Oct-13,23-Oct-13,ARV,Pediatric,SCMS from RDC,"Lamivudine/Stavudine 30/6mg, dispersible tablets, 60 Tabs",Lamivudine/Stavudine,Generic,30/6mg,Chewable/dispersible tablet - FDC,60,638,1212.2,1.9,0.03,"Cipla, Goa, India",Yes,45,747.76,1.5
86582,901-CM-T30,FPQ-12520,SO-45820,DN-3227,Cameroon,PMO - US,From RDC,N/A - From RDC,Air Charter,6/21/2013,N/A - From RDC,22-Jul-13,31-Jul-13,31-Jul-13,ARV,Adult,SCMS from RDC,"Efavirenz 600mg, tablets, 30 Tabs",Efavirenz,Generic,600mg,Tablet,30,33000,109890.0,3.33,0.11,"Strides, Bangalore, India.",No,See DN-3227 (ID#:82589),See DN-3227 (ID#:82589),135.93
86504,117-ET-T30,FPQ-10308,SO-42910,DN-2790,Ethiopia,PMO - US,From RDC,N/A - From RDC,Air,7/23/2012,N/A - From RDC,30-Aug-12,30-Aug-12,30-Aug-12,ARV,Pediatric,SCMS from RDC,"Nevirapine 10mg/ml, oral suspension w/syringe, Bottle, 240 ml",Nevirapine,Generic,10mg/ml,Oral suspension,240,30000,58500.0,1.95,0.01,"Aurobindo Unit III, India",Yes,11101,33216.14,82.02
86154,114-UG-T30,FPQ-15294,SO-50051,DN-4061,Uganda,PMO - US,From RDC,N/A - From RDC,Truck,11/3/2014,N/A - From RDC,15-Jun-15,16-Jan-15,26-Jan-15,ARV,Adult,SCMS from RDC,"Efavirenz/Lamivudine/Tenofovir Disoproxil Fumarate 600/300/300mg, tablets, 30 Tabs",Efavirenz/Lamivudine/Tenofovir Disoproxil Fumarate,Generic,600/300/300mg,Tablet - FDC,30,13000,126880.0,9.76,0.33,Mylan (formerly Matrix) Nashik,No,See DN-4061 (ID#:83864),See DN-4061 (ID#:83864),149.34
86448,101-CD-T30,FPQ-8840,SO-41144,DN-2508,"Congo, DRC",PMO - US,From RDC,N/A - From RDC,Air,11/21/2011,N/A - From RDC,16-Mar-12,14-Mar-12,14-Mar-12,ARV,Adult,SCMS from RDC,"Lamivudine/Tenofovir Disoproxil Fumarate 300/300mg, tablets, 30 Tabs",Lamivudine/Tenofovir Disoproxil Fumarate,Generic,300/300mg,Tablet - FDC,30,36,218.88,6.08,0.2,Mylan (formerly Matrix) Nashik,No,See DN-2508 (ID#:85821),See DN-2508 (ID#:85821),0.31
10893,112-NG-T01,Pre-PQ Process,SO-565,DN-373,Nigeria,PMO - US,From RDC,N/A - From RDC,Air,Pre-PQ Process,N/A - From RDC,20-Sep-07,20-Sep-07,20-Sep-07,ARV,Adult,SCMS from RDC,"Lamivudine 150mg, tablets, 60 Tabs",Lamivudine,Generic,150mg,Tablet,60,614,2032.34,3.31,0.06,"Aurobindo Unit III, India",No,See DN-373 (ID#:10623),See DN-373 (ID#:10623),3.25
86466,113-ZW-T30,FPQ-8464,SO-40850,DN-2605,Zimbabwe,PMO - US,From RDC,N/A - From RDC,Truck,10/4/2011,N/A - From RDC,13-Apr-12,10-Apr-12,10-Apr-12,ARV,Adult,SCMS from RDC,"Lamivudine/Nevirapine/Stavudine 150/200/30mg, tablets, 60 Tabs",Lamivudine/Nevirapine/Stavudine,Generic,150/200/30mg,Tablet - FDC,60,71030,382141.4,5.38,0.09,"Strides, Bangalore, India.",No,See DN-2605 (ID#:82467),See DN-2605 (ID#:82467),630.53
85531,901-NA-T30,FPQ-14742,SO-49520,DN-3923,Namibia,PMO - US,From RDC,N/A - From RDC,Air,7/30/2014,N/A - From RDC,8-Oct-14,21-Oct-14,22-Oct-14,ARV,Adult,SCMS from RDC,"Efavirenz/Emtricitabine/Tenofovir Disoproxil Fumarate 600/200/300mg, tablets, 30 Tabs",Efavirenz/Emtricitabine/Tenofovir Disoproxil Fumarate,Generic,600/200/300mg,Tablet - FDC,30,54147,643807.83,11.89,0.4,"Cipla, Goa, India",Yes,6425,35476,661.83
83245,104-CI-T30,FPQ-13142,SO-47160,DN-3685,Côte d'Ivoire,PMO - US,From RDC,N/A - From RDC,Truck,10/22/2013,N/A - From RDC,30-May-14,12-May-14,30-Jun-14,ARV,Adult,SCMS from RDC,"Lamivudine 150mg, tablets, 60 Tabs",Lamivudine,Generic,150mg,Tablet,60,1379,2399.46,1.74,0.03,"Aurobindo Unit III, India",Yes,157,926.7,2.47
10906,114-UG-T01,Pre-PQ Process,SO-1085,DN-430,Uganda,PMO - US,From RDC,N/A - From RDC,Air,Pre-PQ Process,N/A - From RDC,10-Dec-07,10-Dec-07,10-Dec-07,ARV,Adult,SCMS from RDC,"Lamivudine/Nevirapine/Zidovudine 150/200/300mg, tablets, 60 Tabs",Lamivudine/Nevirapine/Zidovudine,Generic,150/300/200mg,Tablet - FDC,60,1650,22275.0,13.5,0.22,"Aurobindo Unit III, India",Yes,197,1637,35.64
84475,101-CD-T30,FPQ-16158,SO-51260,DN-4283,"Congo, DRC",PMO - US,From RDC,N/A - From RDC,Air,3/31/2015,N/A - From RDC,8-Jul-15,7-Aug-15,27-Aug-15,ARV,Adult,SCMS from RDC,"Lamivudine/Nevirapine/Zidovudine 150/200/300mg, tablets, 60 Tabs",Lamivudine/Nevirapine/Zidovudine,Generic,150/300/200mg,Tablet - FDC,60,14329,110619.88,7.72,0.13,Hetero Unit III Hyderabad IN,No,See DN-4283 (ID#:83912),See DN-4283 (ID#:83912),130.2
47864,108-VN-T30,FPQ-5094,SCMS-68820,ASN-7170,Vietnam,PMO - US,Direct Drop,FCA,Air,3/15/2010,3/31/2010,21-Jun-10,21-Jun-10,21-Jun-10,ARV,Adult,ABBVIE LOGISTICS (FORMERLY ABBOTT LOGISTICS BV),"Lopinavir/Ritonavir 200/50mg [Aluvia], tablets, 120 Tabs",Lopinavir/Ritonavir,Aluvia,200/50mg,Tablet,120,1785,146727.0,82.2,0.68,ABBVIE Ludwigshafen Germany,Yes,266,6937.66,316.34
84893,104-CI-T30,FPQ-12800,SO-46422,DN-3546,Côte d'Ivoire,PMO - US,From RDC,N/A - From RDC,Air,8/9/2013,N/A - From RDC,28-Feb-14,18-Feb-14,4-Mar-14,ARV,Pediatric,SCMS from RDC,"Lamivudine/Nevirapine/Zidovudine 30/50/60mg, dispersible tablets, 60 Tabs",Lamivudine/Nevirapine/Zidovudine,Generic,30/50/60mg,Chewable/dispersible tablet - FDC,60,8201,30753.75,3.75,0.06,"Strides, Bangalore, India.",No,See DN-3546 (ID#:82651),See DN-3546 (ID#:82651),38.04
66680,108-VN-T30,FPQ-6384,SCMS-87780,ASN-9408,Vietnam,PMO - US,Direct Drop,EXW,Air,9/30/2010,10/18/2010,16-Feb-11,16-Feb-11,16-Feb-11,ARV,Adult,HETERO LABS LIMITED,"Lamivudine/Nevirapine/Stavudine 150/200/30mg, tablets, 60 Tabs",Lamivudine/Nevirapine/Stavudine,Generic,150/200/30mg,Tablet - FDC,60,5200,24960.0,4.8,0.08,Hetero Unit III Hyderabad IN,No,See ASN-9408 (ID#:39263),See ASN-9408 (ID#:39263),53.81
68553,108-VN-T30,FPQ-11417,SCMS-174420,ASN-18913,Vietnam,PMO - US,Direct Drop,EXW,Air,1/10/2013,1/22/2013,24-Apr-13,24-Apr-13,24-Apr-13,ARV,Adult,HETERO LABS LIMITED,"Tenofovir Disoproxil Fumarate 300mg, tablets, 30 Tabs",Tenofovir Disoproxil Fumarate,Generic,300mg,Tablet,30,42660,151443.0,3.55,0.12,Hetero Unit III Hyderabad IN,Yes,3442,10533.01,187.33
50220,101-CD-T30,FPQ-14654,SCMS-253260,ASN-28279,"Congo, DRC",PMO - US,Direct Drop,EXW,Air,8/11/2014,8/27/2014,4-Nov-14,4-Nov-14,20-Nov-14,HRDT,HIV test,"Trinity Biotech, Plc","HIV 1/2, Uni-Gold HIV Kit, 20 Tests","HIV 1/2, Uni-Gold HIV Kit",Uni-Gold,,Test kit,20,70,2240.0,32.0,1.6,"Trinity Biotech, Plc",No,See ASN-28279 (ID#:13547),See ASN-28279 (ID#:13547),2.3
11706,102-GY-T01,Pre-PQ Process,SO-387,DN-42,Guyana,PMO - US,From RDC,N/A - From RDC,Air,Pre-PQ Process,N/A - From RDC,8-Mar-07,8-Mar-07,8-Mar-07,HRDT,HIV test,SCMS from RDC,"HIV 1/2, Determine Complete HIV Kit, 100 Tests","HIV 1/2, Determine Complete HIV Kit",Determine,,Test kit,100,210,16800.0,80.0,0.8,ABBVIE GmbH & Co.KG Wiesbaden,Yes,60,6012,
85155,102-UG-T30,FPQ-6403,SO-37460,DN-2026,Uganda,PMO - US,From RDC,N/A - From RDC,Air,9/16/2010,N/A - From RDC,20-Oct-10,25-Oct-10,25-Oct-10,ARV,Adult,SCMS from RDC,"Emtricitabine/Tenofovir Disoproxil Fumarate 200/300mg, tablets, 30 Tabs",Emtricitabine/Tenofovir Disoproxil Fumarate,Generic,200/300mg,Tablet - FDC,30,8375,98406.25,11.75,0.39,Mylan (formerly Matrix) Nashik,No,See DN-2026 (ID#:84047),See DN-2026 (ID#:84047),212.16
5796,108-VN-T01,Pre-PQ Process,SCMS-23440,ASN-2335,Vietnam,PMO - US,Direct Drop,EXW,Air,Pre-PQ Process,5/13/2008,20-Sep-08,20-Sep-08,20-Sep-08,ARV,Adult,MYLAN LABORATORIES LTD (FORMERLY MATRIX LABORATORIES),"Lamivudine 150mg, tablets, 60 Tabs",Lamivudine,Generic,150mg,Tablet,60,9576,24897.6,2.6,0.04,Mylan (formerly Matrix) Nashik,Yes,889,7884.8,39.84
6647,107-RW-T01,Pre-PQ Process,SCMS-289,ASN-192,Rwanda,PMO - US,Direct Drop,EXW,Air,Pre-PQ Process,12/29/2006,25-Jan-07,25-Jan-07,25-Jan-07,HRDT,HIV test,"Trinity Biotech, Plc","HIV 1/2, Capillus HIV Kit, 100 Tests","HIV 1/2, Capillus HIV Kit",Capillus,,Test kit,100,60,10500.0,175.0,1.75,"Trinity Biotech, Plc",Yes,39,859.37,
85165,104-CI-T30,FPQ-5925,SO-37740,DN-2064,Côte d'Ivoire,PMO - US,From RDC,N/A - From RDC,Air,6/23/2010,N/A - From RDC,30-Nov-10,9-Dec-10,9-Dec-10,ARV,Pediatric,SCMS from RDC,"Zidovudine 10mg/ml, oral solution, Bottle, 240 ml",Zidovudine,Generic,10mg/ml,Oral solution,240,551,1113.02,2.02,0.01,"Aurobindo Unit III, India",No,See DN-2064 (ID#:83469),See DN-2064 (ID#:83469),2.4
84506,104-CI-T30,FPQ-3964,SO-33040,DN-1510,Côte d'Ivoire,PMO - US,From RDC,N/A - From RDC,Air,7/24/2009,N/A - From RDC,1-Dec-09,5-Nov-09,5-Nov-09,ARV,Adult,SCMS from RDC,"Lamivudine/Nevirapine/Stavudine 150/200/30mg, tablets, 60 Tabs",Lamivudine/Nevirapine/Stavudine,Generic,150/200/30mg,Tablet - FDC,60,19937,139559.0,7.0,0.12,"Strides, Bangalore, India.",Yes,5340,5028.04,273.54
86447,101-CD-T30,FPQ-8840,SO-41144,DN-2508,"Congo, DRC",PMO - US,From RDC,N/A - From RDC,Air,11/21/2011,N/A - From RDC,16-Mar-12,14-Mar-12,14-Mar-12,ARV,Pediatric,SCMS from RDC,"Nevirapine 10mg/ml, oral suspension w/syringe, Bottle, 240 ml",Nevirapine,Generic,10mg/ml,Oral suspension,240,291,567.45,1.95,0.01,"Aurobindo Unit III, India",No,See DN-2508 (ID#:85821),See DN-2508 (ID#:85821),0.8
34769,114-UG-T30,FPQ-15314,SCMS-264730,ASN-31704,Uganda,PMO - US,Direct Drop,EXW,Air,11/11/2014,12/4/2014,28-Apr-15,28-Apr-15,28-Apr-15,HRDT,HIV test,"CHEMBIO DIAGNOSTIC SYSTEMS, INC.","HIV 1/2, Stat-Pak HIV, Kit, 20 Tests","HIV 1/2, Stat-Pak HIV, Kit",Stat-Pak,,Test kit,20,6200,192200.0,31.0,1.55,Chembio Diagnostics Sys. Inc.,Yes,2328,13456.05,226.22
82841,104-CI-T30,FPQ-4187,SO-33520,DN-1474,Côte d'Ivoire,PMO - US,From RDC,N/A - From RDC,Air,9/9/2009,N/A - From RDC,23-Oct-09,23-Oct-09,23-Oct-09,ARV,Pediatric,SCMS from RDC,"Abacavir 20mg/ml, oral solution, Bottle, 240 ml",Abacavir,Generic,20mg/ml,Oral solution,240,616,9018.24,14.64,0.06,"Aurobindo Unit III, India",No,See DN-1474 (ID#:82273),See DN-1474 (ID#:82273),17.68
77464,108-VN-T30,FPQ-13524,SCMS-226220,ASN-26923,Vietnam,PMO - US,Direct Drop,EXW,Air,2/6/2014,3/10/2014,29-Jul-14,29-Jul-14,6-Aug-14,ARV,Adult,HETERO LABS LIMITED,"Efavirenz/Lamivudine/Tenofovir Disoproxil Fumarate 600/300/300mg, tablets, 30 Tabs",Efavirenz/Lamivudine/Tenofovir Disoproxil Fumarate,Generic,600/300/300mg,Tablet - FDC,30,7248,76104.0,10.5,0.35,Hetero Unit III Hyderabad IN,No,See ASN-26923 (ID#:13027),See ASN-26923 (ID#:13027),78.23
82729,901-NA-T30,FPQ-14670,SO-49560,DN-3907,Namibia,PMO - US,From RDC,N/A - From RDC,Truck,7/30/2014,N/A - From RDC,30-Sep-14,15-Sep-14,25-Sep-14,ARV,Adult,SCMS from RDC,"Lamivudine/Nevirapine/Zidovudine 150/200/300mg, tablets, 60 Tabs",Lamivudine/Nevirapine/Zidovudine,Generic,150/300/200mg,Tablet - FDC,60,40000,324400.0,8.11,0.14,"Cipla, Goa, India",Yes,9632,15571.48,333.48
27938,110-ZM-T30,FPQ-8315,SCMS-120581,ASN-12827,Zambia,PMO - US,Direct Drop,EXW,Air,8/31/2011,9/19/2011,30-Nov-11,30-Nov-11,30-Nov-11,HRDT,HIV test,"Trinity Biotech, Plc","HIV 1/2, Uni-Gold HIV Kit, 20 Tests","HIV 1/2, Uni-Gold HIV Kit",Uni-Gold,,Test kit,20,5920,189440.0,32.0,1.6,"Trinity Biotech, Plc",Yes,1896,25136.39,312.58
81739,116-ZA-T30,FPQ-14942,SCMS-259079,ASN-33852,South Africa,PMO - US,Direct Drop,DDP,Truck,9/11/2014,10/9/2014,24-Aug-15,24-Aug-15,24-Aug-15,ARV,Adult,PHARMACY DIRECT,"Lamivudine/Zidovudine 150/300mg, tablets, 60 Tabs",Lamivudine/Zidovudine,Generic,150/300mg,Tablet - FDC,60,26,597.92,23.0,0.38,"Aurobindo Unit III, India",No,Weight Captured Separately,Freight Included in Commodity Cost,0.61
8317,111-MZ-T01,Pre-PQ Process,SCMS-18340,ASN-1747,Mozambique,PMO - US,Direct Drop,EXW,Air,Pre-PQ Process,2/27/2008,9-Jul-08,9-Jul-08,9-Jul-08,HRDT,HIV test - Ancillary,"Orgenics, Ltd","HIV, Lancet, Safety, for HIV Test kits, 100 Pcs","HIV, Lancet, Safety, for HIV Test kits, 100 Pcs",Generic,,Test kit - Ancillary,100,3000,30.0,0.01,0.0,Inverness Japan,Yes,Weight Captured Separately,Invoiced Separately,0.05
73360,108-VN-T30,FPQ-3896,SCMS-48270,ASN-5131,Vietnam,PMO - US,Direct Drop,EXW,Air,6/25/2009,6/26/2009,26-Oct-09,26-Oct-09,26-Oct-09,ARV,Adult,Aurobindo Pharma Limited,"Didanosine 250mg, delayed-release capsules, 30 Caps",Didanosine,Generic,250mg,Delayed-release capsules,30,180,2340.0,13.0,0.43,"Aurobindo Unit III, India",No,See ASN-5131 (ID#:25886),See ASN-5131 (ID#:25886),4.59
76586,133-NG-T30,FPQ-12456,SCMS-196550,ASN-21949,Nigeria,PMO - US,Direct Drop,EXW,Air,6/10/2013,7/10/2013,24-Oct-13,24-Oct-13,1-Nov-13,HRDT,HIV test,"Trinity Biotech, Plc","HIV 1/2, Uni-Gold HIV Kit, 20 Tests","HIV 1/2, Uni-Gold HIV Kit",Uni-Gold,,Test kit,20,6355,203360.0,32.0,1.6,"Trinity Biotech, Plc",Yes,290,15450.88,251.56
84609,104-CI-T30,FPQ-5925,SO-37740,DN-2064,Côte d'Ivoire,PMO - US,From RDC,N/A - From RDC,Air,6/23/2010,N/A - From RDC,30-Nov-10,9-Dec-10,9-Dec-10,ARV,Pediatric,SCMS from RDC,"Stavudine 1mg/ml, powder for oral solution w/syringe, 200 ml",Stavudine,Generic,1mg/ml,Powder for oral solution,200,6551,8778.34,1.34,0.01,"Aurobindo Unit III, India",No,See DN-2064 (ID#:83469),See DN-2064 (ID#:83469),18.93
83746,109-TZ-T30,FPQ-12587,SO-45995,DN-3458,Tanzania,PMO - US,From RDC,N/A - From RDC,Truck,7/4/2013,N/A - From RDC,31-Dec-13,25-Feb-14,13-Mar-14,ARV,Pediatric,SCMS from RDC,"Efavirenz 200mg, scored tablets, 90 Tabs",Efavirenz,Generic,200mg,Tablet,90,5687,52889.1,9.3,0.1,"Strides, Bangalore, India.",No,See DN-3458 (ID#:83196),See DN-3458 (ID#:83196),65.42
85527,109-TZ-T30,FPQ-13042,SO-47960,DN-3926,Tanzania,PMO - US,From RDC,N/A - From RDC,Truck,10/1/2013,N/A - From RDC,3-Nov-14,28-Oct-14,31-Oct-14,ARV,Adult,SCMS from RDC,"Abacavir 300mg, tablets, 60 Tabs",Abacavir,Generic,300mg,Tablet,60,2469,27726.87,11.23,0.19,Mylan (formerly Matrix) Nashik,Yes,230,1163.2,34.3
51579,101-CD-T30,FPQ-14654,SCMS-253260,ASN-28279,"Congo, DRC",PMO - US,Direct Drop,EXW,Air,8/11/2014,8/27/2014,4-Nov-14,4-Nov-14,20-Nov-14,HRDT,HIV test,"Trinity Biotech, Plc","HIV 1/2, Uni-Gold HIV Kit, 20 Tests","HIV 1/2, Uni-Gold HIV Kit",Uni-Gold,,Test kit,20,423,13536.0,32.0,1.6,"Trinity Biotech, Plc",No,See ASN-28279 (ID#:13547),See ASN-28279 (ID#:13547),13.92
9225,123-NG-T01,Pre-PQ Process,SCMS-48440,ASN-4596,Nigeria,PMO - US,Direct Drop,FCA,Air,Pre-PQ Process,7/13/2009,3-Sep-09,3-Sep-09,3-Sep-09,ARV,Adult,ABBVIE LOGISTICS (FORMERLY ABBOTT LOGISTICS BV),"Lopinavir/Ritonavir 200/50mg [Aluvia], tablets, 120 Tabs",Lopinavir/Ritonavir,Aluvia,200/50mg,Tablet,120,5000,205500.0,41.1,0.34,ABBVIE Ludwigshafen Germany,Yes,1246,10490.77,402.78
12189,114-UG-T01,Pre-PQ Process,SO-2792,DN-793,Uganda,PMO - US,From RDC,N/A - From RDC,Air,Pre-PQ Process,N/A - From RDC,22-Jul-08,22-Jul-08,22-Jul-08,ARV,Pediatric,SCMS from RDC,"Zidovudine 10mg/ml, oral solution, Bottle, 240 ml",Zidovudine,Generic,10mg/ml,Oral solution,240,6036,12675.6,2.1,0.01,"Aurobindo Unit III, India",Yes,2253,15923.41,20.28
11476,112-NG-T01,Pre-PQ Process,SO-1225,DN-411,Nigeria,PMO - US,From RDC,N/A - From RDC,Air,Pre-PQ Process,N/A - From RDC,1-Nov-07,1-Nov-07,1-Nov-07,ARV,Adult,SCMS from RDC,"Lamivudine/Zidovudine 150/300mg, tablets, 60 Tabs",Lamivudine/Zidovudine,Generic,150/300mg,Tablet - FDC,60,1200,23400.0,19.5,0.32,"Aurobindo Unit III, India",No,See DN-411 (ID#:10631),See DN-411 (ID#:10631),37.44
86282,151-NG-T30,FPQ-4537,SO-35042,DN-1702,Nigeria,PMO - US,From RDC,N/A - From RDC,Air Charter,11/6/2009,N/A - From RDC,19-Apr-10,31-Mar-10,31-Mar-10,ARV,Adult,SCMS from RDC,"Lamivudine/Nevirapine/Stavudine 150/200/30mg, tablets, 60 Tabs",Lamivudine/Nevirapine/Stavudine,Generic,150/200/30mg,Tablet - FDC,60,11332,69238.52,6.11,0.1,"Strides, Bangalore, India.",Yes,855,Freight Included in Commodity Cost,149.28
12303,104-CI-T01,Pre-PQ Process,SO-27533,DN-1357,Côte d'Ivoire,PMO - US,From RDC,N/A - From RDC,Air Charter,Date Not Captured,N/A - From RDC,11-Aug-09,11-Aug-09,11-Aug-09,ARV,Adult,SCMS from RDC,"Efavirenz 600mg, tablets, 30 Tabs",Efavirenz,Generic,600mg,Tablet,30,3280,31881.6,9.72,0.32,"Emcure Plot No.P-2, I.T-B.T. Park, Phase II, MIDC, Hinjwadi, Pune, India",Yes,229,1854.88,62.49
75139,108-VN-T30,FPQ-4098,SCMS-51760,ASN-5445,Vietnam,PMO - US,Direct Drop,EXW,Air,8/12/2009,8/14/2009,27-Nov-09,27-Nov-09,27-Nov-09,ARV,Adult,Aurobindo Pharma Limited,"Stavudine 30mg, capsules, 60 Caps",Stavudine,Generic,30mg,Capsule,60,3024,4384.8,1.45,0.02,"Aurobindo Unit III, India",Yes,202,1615.88,8.59
73569,108-VN-T30,FPQ-7565,SCMS-107630,ASN-11362,Vietnam,PMO - US,Direct Drop,EXW,Air,4/21/2011,5/2/2011,26-Jul-11,26-Jul-11,26-Jul-11,ARV,Adult,STRIDES ARCOLAB LIMITED,"Nevirapine 200mg, tablets, 60 Tabs",Nevirapine,Generic,200mg,Tablet,60,15000,38100.0,2.54,0.04,"Strides, Bangalore, India.",No,See ASN-11362 (ID#:47253),See ASN-11362 (ID#:47253),62.86
86611,104-CI-T30,FPQ-11254,SO-44142,DN-3359,Côte d'Ivoire,PMO - US,From RDC,N/A - From RDC,Truck,12/14/2012,N/A - From RDC,20-Nov-13,4-Oct-13,29-Oct-13,ARV,Pediatric,SCMS from RDC,"Abacavir/Lamivudine 60/30mg, tablets, 30 Tabs",Abacavir/Lamivudine,Generic,60/30mg,Tablet - FDC,30,6000,24000.0,4.0,0.13,Mylan (formerly Matrix) Nashik,Yes,243,2180.32,29.69
47516,116-ZA-T30,FPQ-11828,SCMS-183950,ASN-19166,South Africa,South Africa Field Office,Direct Drop,DDP,Truck,3/18/2013,Date Not Captured,16-Apr-13,16-Apr-13,16-Apr-13,ARV,Adult,S. BUYS WHOLESALER,"Tenofovir Disoproxil Fumarate 300mg, tablets, 30 Tabs",Tenofovir Disoproxil Fumarate,Generic,300mg,Tablet,30,7242,148900.86,20.56,0.69,"Aurobindo Unit III, India",No,Weight Captured Separately,Freight Included in Commodity Cost,184.19
11336,104-CI-T01,Pre-PQ Process,SO-27540,DN-1315,Côte d'Ivoire,PMO - US,From RDC,N/A - From RDC,Air,Date Not Captured,N/A - From RDC,14-Jul-09,14-Jul-09,14-Jul-09,ARV,Adult,SCMS from RDC,"Tenofovir Disoproxil Fumarate 300mg, tablets, 30 Tabs",Tenofovir Disoproxil Fumarate,Generic,300mg,Tablet,30,6000,79680.0,13.28,0.44,Mylan (formerly Matrix) Nashik,No,See DN-1315 (ID#:10781),See DN-1315 (ID#:10781),156.17
85962,113-ZW-T30,FPQ-11002,SO-43720,DN-3132,Zimbabwe,PMO - US,From RDC,N/A - From RDC,Truck,11/16/2012,N/A - From RDC,30-May-13,29-Apr-13,29-Apr-13,ARV,Adult,SCMS from RDC,"Nevirapine 200mg, tablets, 60 Tabs",Nevirapine,Generic,200mg,Tablet,60,131520,297235.2,2.26,0.04,"Cipla, Goa, India",No,See DN-3132 (ID#:83681),See DN-3132 (ID#:83681),367.68
10597,100-ZW-T01,Pre-PQ Process,SO-1074,DN-354,Zimbabwe,PMO - US,From RDC,N/A - From RDC,Truck,Pre-PQ Process,N/A - From RDC,18-Sep-07,18-Sep-07,18-Sep-07,ARV,Adult,SCMS from RDC,"Lamivudine/Stavudine 150/30mg, tablets, 30 Tabs",Lamivudine/Stavudine,Generic,150/30mg,Tablet - FDC,30,537,1074.0,2.0,0.07,"Cipla, Goa, India",Yes,143,2099,1.72
67868,104-CI-T30,FPQ-4381,SCMS-57601,ASN-10179,Côte d'Ivoire,PMO - US,Direct Drop,FCA,Air,11/5/2009,11/23/2009,29-Apr-11,29-Apr-11,29-Apr-11,ARV,Adult,ABBVIE LOGISTICS (FORMERLY ABBOTT LOGISTICS BV),"Ritonavir 100mg [Norvir], film coated tablets, 60 Tabs",Ritonavir,Norvir,100mg,Tablet,60,3450,23632.5,6.85,0.11,ABBVIE Ludwigshafen Germany,Yes,440,4588.02,46.32
12163,102-KE-T01,Pre-PQ Process,SO-1389,DN-595,Kenya,PMO - US,From RDC,N/A - From RDC,Truck,Pre-PQ Process,N/A - From RDC,27-Feb-08,1-Feb-08,1-Feb-08,HRDT,HIV test,SCMS from RDC,"HIV 1/2, Bioline 3.0 Kit, Lancets, Capillary pipets, Alcohol swabs included, 25 Tests","HIV 1/2, Bioline 3.0 Kit, Lancets, Capillary pipets, Alcohol swabs included",Bioline,,Test kit,25,1842,36840.0,20.0,0.8,"Standard Diagnostics, Korea",Yes,662,261.86,58.94
68186,109-TZ-T30,FPQ-12588,SCMS-200850,ASN-22193,Tanzania,PMO - US,Direct Drop,EXW,Air,7/15/2013,8/2/2013,13-Nov-13,13-Nov-13,14-Nov-13,ARV,Pediatric,Aurobindo Pharma Limited,"Efavirenz 50mg, capsule, 30 Caps",Efavirenz,Generic,50mg,Capsule,30,3550,5538.0,1.56,0.05,"Aurobindo Unit III, India",Yes,255,2454.46,6.85
13899,116-ZA-T30,FPQ-14942,SCMS-259071,ASN-29597,South Africa,PMO - US,Direct Drop,DDP,Truck,9/11/2014,11/28/2014,28-Nov-14,28-Nov-14,28-Nov-14,ARV,Pediatric,PHARMACY DIRECT,"Efavirenz 200mg, capsule, 90 Caps",Efavirenz,Generic,200mg,Capsule,90,16,272.7,17.04,0.19,"Aurobindo Unit III, India",Yes,Weight Captured Separately,Freight Included in Commodity Cost,0.28
82483,113-ZW-T30,FPQ-8464,SO-40891,DN-2694,Zimbabwe,PMO - US,From RDC,N/A - From RDC,Truck,10/4/2011,N/A - From RDC,16-Oct-12,27-Jun-12,27-Jun-12,ARV,Adult,SCMS from RDC,"Lamivudine/Zidovudine 150/300mg, tablets, 60 Tabs",Lamivudine/Zidovudine,Generic,150/300mg,Tablet - FDC,60,3345,26024.1,7.78,0.13,Mylan (formerly Matrix) Nashik,Yes,7114,5530.11,42.94
10600,114-UG-T01,Pre-PQ Process,SO-1080,DN-362,Uganda,PMO - US,From RDC,N/A - From RDC,Air,Pre-PQ Process,N/A - From RDC,5-Nov-07,5-Nov-07,5-Nov-07,ARV,Adult,SCMS from RDC,"Lamivudine/Nevirapine/Stavudine 150/200/30mg, tablets, 60 Tabs",Lamivudine/Nevirapine/Stavudine,Generic,150/200/30mg,Tablet - FDC,60,1953,14452.2,7.4,0.12,"Cipla, Goa, India",Yes,283,1673,23.12
34563,109-TZ-T30,FPQ-4157,SCMS-52776,ASN-5592,Tanzania,PMO - US,Direct Drop,EXW,Air,8/27/2009,9/11/2009,24-Dec-09,24-Dec-09,24-Dec-09,HRDT,HIV test,"Standard Diagnostics, Inc.","HIV 1/2, Bioline 3.0 Kit, (no accessories), 30 Tests","HIV 1/2, Bioline 3.0 Kit (no accessories)",Bioline,,Test kit,30,4913,117912.0,24.0,0.8,"Standard Diagnostics, Korea",Yes,1639,2277,231.11
66448,104-CI-T30,FPQ-13155,SCMS-217340,ASN-27114,Côte d'Ivoire,PMO - US,Direct Drop,EXW,Air,10/22/2013,12/4/2013,31-Jul-14,31-Jul-14,31-Jul-14,ARV,Adult,MYLAN LABORATORIES LTD (FORMERLY MATRIX LABORATORIES),"Atazanavir/Ritonavir 300/100mg, tablets, 30 Tabs",Atazanavir/Ritonavir,Generic,300/100mg,Tablet,30,3200,64000.0,20.0,0.67,Mylan (formerly Matrix) Nashik,Yes,430,3587.34,65.79
86205,151-NG-T30,FPQ-14989,SO-51423,DN-4275,Nigeria,PMO - US,From RDC,N/A - From RDC,Air Charter,9/19/2014,N/A - From RDC,30-Jun-15,15-May-15,22-May-15,ARV,Adult,SCMS from RDC,"Lamivudine/Nevirapine/Zidovudine 150/200/300mg, tablets, 60 Tabs",Lamivudine/Nevirapine/Zidovudine,Generic,150/300/200mg,Tablet - FDC,60,178329,1376699.88,7.72,0.13,"Hetero, Jadcherla, unit 5, IN",No,See DN-4275 (ID#:83337),See DN-4275 (ID#:83337),1415.25
83148,102-BI-T30,FPQ-12065,SO-45170,DN-3257,Burundi,PMO - US,From RDC,N/A - From RDC,Air,4/22/2013,N/A - From RDC,24-Aug-13,26-Aug-13,26-Aug-13,ARV,Adult,SCMS from RDC,"Lopinavir/Ritonavir 200/50mg, tablets, 120 Tabs",Lopinavir/Ritonavir,Generic,200/50mg,Tablet,120,213,4639.14,21.78,0.18,"Aurobindo Unit III, India",Yes,928,4323.44,5.74
20321,108-VN-T30,FPQ-9576,SCMS-145310,ASN-16124,Vietnam,PMO - US,Direct Drop,EXW,Air,4/11/2012,6/11/2012,2-Oct-12,2-Oct-12,2-Oct-12,ARV,Adult,MYLAN LABORATORIES LTD (FORMERLY MATRIX LABORATORIES),"Abacavir 300mg, tablets, 60 Tabs",Abacavir,Generic,300mg,Tablet,60,331,4220.25,12.75,0.21,Mylan (formerly Matrix) Nashik,Yes,2951,7211.04,5.92
83782,111-MZ-T30,FPQ-13123,SO-47084,DN-3627,Mozambique,PMO - US,From RDC,N/A - From RDC,Truck,10/21/2013,N/A - From RDC,3-Jun-14,3-Jun-14,11-Jun-14,ARV,Adult,SCMS from RDC,"Abacavir 300mg, tablets, 60 Tabs",Abacavir,Generic,300mg,Tablet,60,3386,38024.78,11.23,0.19,Mylan (formerly Matrix) Nashik,Yes,15942,4768.06,39.09
11230,110-ZM-T01,Pre-PQ Process,SO-1189,DN-483,Zambia,PMO - US,From RDC,N/A - From RDC,Air,Pre-PQ Process,N/A - From RDC,12-Feb-08,12-Feb-08,12-Feb-08,ARV,Adult,SCMS from RDC,"Efavirenz 600mg, tablets, 30 Tabs",Efavirenz,Generic,600mg,Tablet,30,66667,828004.14,12.42,0.41,Mylan (formerly Matrix) Nashik,Yes,5253,18856.33,1324.81
3738,116-ZA-T01,Pre-PQ Process,SCMS-40820,ASN-3609,South Africa,PMO - US,Direct Drop,DDP,Air,Pre-PQ Process,Date Not Captured,14-Apr-09,4-Dec-08,4-Dec-08,ARV,Adult,S. BUYS WHOLESALER,"Nevirapine 200mg [Viramune], tablets, 60 Tabs",Nevirapine,Viramune,200mg,Tablet,60,10560,163046.4,15.44,0.26,"Boehringer Ing., Koropi, GR",Yes,Weight Captured Separately,Freight Included in Commodity Cost,319.57
11627,123-NG-T01,Pre-PQ Process,SO-19380,DN-1050,Nigeria,PMO - US,From RDC,N/A - From RDC,Air,Pre-PQ Process,N/A - From RDC,19-Jan-09,19-Jan-09,19-Jan-09,ARV,Adult,SCMS from RDC,"Emtricitabine/Tenofovir Disoproxil Fumarate 200/300mg [Truvada], tablets, 30 Tabs",Emtricitabine/Tenofovir Disoproxil Fumarate,Truvada,300/200mg,Tablet - FDC,30,32696,858270.0,26.25,0.88,"Aspen-OSD, Port Elizabeth, SA",Yes,2873,7363.73,1682.21
12724,112-NG-T01,Pre-PQ Process,SO-565,DN-373,Nigeria,PMO - US,From RDC,N/A - From RDC,Air,Pre-PQ Process,N/A - From RDC,20-Sep-07,20-Sep-07,20-Sep-07,ARV,Pediatric,SCMS from RDC,"Nevirapine 10mg/ml, oral suspension, Bottle, 240 ml",Nevirapine,Generic,10mg/ml,Oral suspension,240,1622,10056.4,6.2,0.03,"Aurobindo Unit III, India",No,See DN-373 (ID#:10623),See DN-373 (ID#:10623),16.09
11242,110-ZM-T01,Pre-PQ Process,SO-1891,DN-676,Zambia,PMO - US,From RDC,N/A - From RDC,,Pre-PQ Process,N/A - From RDC,1-Apr-08,1-Apr-08,1-Apr-08,ARV,Adult,SCMS from RDC,"Nevirapine 200mg, tablets, 60 Tabs",Nevirapine,Generic,200mg,Tablet,60,32358,110017.2,3.4,0.06,"Ranbaxy, Paonta Shahib, India",Yes,3146,13332,176.03
84718,104-CI-T30,FPQ-8787,SO-41150,DN-2623,Côte d'Ivoire,PMO - US,From RDC,N/A - From RDC,Air,11/11/2011,N/A - From RDC,16-Apr-12,11-Apr-12,11-Apr-12,ARV,Pediatric,SCMS from RDC,"Didanosine 200mg, delayed-release capsules, 30 Caps",Didanosine,Generic,200mg,Delayed-release capsules,30,3765,41415.0,11.0,0.37,"Aurobindo Unit III, India",No,See DN-2623 (ID#:83027),See DN-2623 (ID#:83027),58.06
11594,114-UG-T01,Pre-PQ Process,SO-17440,DN-969,Uganda,PMO - US,From RDC,N/A - From RDC,Air,Pre-PQ Process,N/A - From RDC,4-Nov-08,4-Nov-08,4-Nov-08,ARV,Adult,SCMS from RDC,"Lamivudine/Nevirapine/Zidovudine 150/200/300mg, tablets, 60 Tabs",Lamivudine/Nevirapine/Zidovudine,Generic,150/300/200mg,Tablet - FDC,60,5919,69844.2,11.8,0.2,"Aurobindo Unit III, India",No,See DN-969 (ID#:11593),See DN-969 (ID#:11593),136.89
77781,116-ZA-T30,FPQ-5535,SCMS-71370,ASN-7373,South Africa,PMO - US,Direct Drop,DDP,Truck,4/19/2010,4/21/2010,31-May-10,31-May-10,31-May-10,ARV,Adult,S. BUYS WHOLESALER,"Lopinavir/Ritonavir 200/50mg [Aluvia], tablets, 120 Tabs",Lopinavir/Ritonavir,Aluvia,200/50mg,Tablet,120,300,12447.35,41.49,0.35,ABBVIE Ludwigshafen Germany,No,Weight Captured Separately,Freight Included in Commodity Cost,26.84
85626,154-NG-T30,FPQ-3815,SO-32270,DN-1311,Nigeria,PMO - US,From RDC,N/A - From RDC,Air Charter,5/26/2009,N/A - From RDC,30-Jul-09,4-Aug-09,4-Aug-09,ARV,Adult,SCMS from RDC,"Nevirapine 200mg, tablets, 60 Tabs",Nevirapine,Generic,200mg,Tablet,60,253,733.7,2.9,0.05,"Aurobindo Unit III, India",No,See DN-1311 (ID#:82837),See DN-1311 (ID#:82837),1.44
21199,106-HT-T30,FPQ-13797,SCMS-233920,ASN-27200,Haiti,PMO - US,Direct Drop,FCA,Air,3/20/2014,4/28/2014,29-Aug-14,29-Aug-14,3-Sep-14,ARV,Pediatric,ABBVIE LOGISTICS (FORMERLY ABBOTT LOGISTICS BV),"Lopinavir/Ritonavir 80/20mg/ml [Kaletra], oral solution, cool, Bottle 5 x 60 ml",Lopinavir/Ritonavir,Kaletra,80/20mg/ml,Oral solution,300,40,1232.8,30.82,0.1,ABBVIE (Abbott) Logis. UK,Yes,61,1257.16,1.27
26829,161-ZA-T30,FPQ-5303,SCMS-68750,ASN-8702,South Africa,PMO - US,Direct Drop,DDP,Air,3/18/2010,3/19/2010,13-Oct-10,29-Nov-10,29-Nov-10,ARV,Adult,CIPLA LIMITED,"Tenofovir Disoproxil Fumarate 300mg, tablets, 30 Tabs",Tenofovir Disoproxil Fumarate,Generic,300mg,Tablet,30,44717,349686.94,7.82,0.26,"Cipla, Goa, India",Yes,3071,3646.13,753.93
83899,107-RW-T30,FPQ-15632,SO-50741,DN-4180,Rwanda,PMO - US,From RDC,N/A - From RDC,Air,12/23/2014,N/A - From RDC,30-Apr-15,27-Mar-15,7-Apr-15,ARV,Pediatric,SCMS from RDC,"Lamivudine/Zidovudine 30/60mg, dispersible tablets, 60 Tabs",Lamivudine/Zidovudine,Generic,30/60mg,Chewable/dispersible tablet - FDC,60,3813,7435.35,1.95,0.03,"Mylan,  H-12 & H-13, India",Yes,Weight Captured Separately,Invoiced Separately,8.75
10882,104-CI-T01,Pre-PQ Process,SO-998,DN-326,Côte d'Ivoire,PMO - US,From RDC,N/A - From RDC,,Pre-PQ Process,N/A - From RDC,5-Sep-07,5-Sep-07,5-Sep-07,HRDT,HIV test,SCMS from RDC,"#108853** HIV, Genie II HIV-1/HIV-2 Kit, 40 Tests","HIV, Genie II HIV-1/HIV-2 Kit",Genie,,Test kit,40,450,34200.0,76.0,1.9,Bio-Rad Laboratories,Yes,497,2650.36,54.72
82332,104-CI-T30,FPQ-5201,SO-36370,DN-1877,Côte d'Ivoire,PMO - US,From RDC,N/A - From RDC,Air,3/3/2010,N/A - From RDC,9-Jul-10,5-Jul-10,5-Jul-10,ARV,Pediatric,SCMS from RDC,"Nevirapine 10mg/ml, oral suspension, Bottle, 240 ml",Nevirapine,Generic,10mg/ml,Oral suspension,240,3872,7085.76,1.83,0.01,"Aurobindo Unit III, India",Yes,1438,5121.68,15.28
84196,110-ZM-T30,FPQ-9552,SO-41830,DN-2891,Zambia,PMO - US,From RDC,N/A - From RDC,Truck,3/29/2012,N/A - From RDC,9-Nov-12,5-Nov-12,5-Nov-12,ARV,Adult,SCMS from RDC,"Lamivudine/Stavudine 150/30mg, tablets, 60 Tabs",Lamivudine/Stavudine,Generic,150/30mg,Tablet - FDC,60,10500,30975.0,2.95,0.05,"Strides, Bangalore, India.",Yes,537,6800.6,43.43
35922,116-ZA-T30,FPQ-13035,SCMS-215370,ASN-24415,South Africa,PMO - US,Direct Drop,DDP,Truck,10/8/2013,12/2/2013,6-Feb-14,6-Feb-14,6-Feb-14,ARV,Adult,S. BUYS WHOLESALER,"Didanosine 400mg, delayed-release capsules, 30 Caps",Didanosine,Generic,400mg,Delayed-release capsules,30,20,389.71,19.49,0.65,"Aurobindo Unit III, India",No,Weight Captured Separately,Freight Included in Commodity Cost,0.48
86739,101-CD-T30,FPQ-14576,SO-49290,DN-3975,"Congo, DRC",PMO - US,From RDC,N/A - From RDC,Air,7/14/2014,N/A - From RDC,30-Jan-15,18-Feb-15,23-Feb-15,ARV,Adult,SCMS from RDC,"Lamivudine/Zidovudine 150/300mg, tablets, 60 Tabs",Lamivudine/Zidovudine,Generic,150/300mg,Tablet - FDC,60,4670,30448.4,6.52,0.11,Mylan (formerly Matrix) Nashik,No,See DN-3975 (ID#:82748),See DN-3975 (ID#:82748),31.3
85400,110-ZM-T30,FPQ-12066,SO-45060,DN-3327,Zambia,PMO - US,From RDC,N/A - From RDC,Truck,4/19/2013,N/A - From RDC,30-Sep-13,17-Sep-13,17-Sep-13,ARV,Adult,SCMS from RDC,"Abacavir 300mg, tablets, 60 Tabs",Abacavir,Generic,300mg,Tablet,60,62000,710520.0,11.46,0.19,Mylan (formerly Matrix) Nashik,Yes,6795,14316.94,878.91
83125,113-ZW-T30,FPQ-11002,SO-43700,DN-3084,Zimbabwe,PMO - US,From RDC,N/A - From RDC,Truck,11/16/2012,N/A - From RDC,30-Apr-13,8-Apr-13,8-Apr-13,ARV,Adult,SCMS from RDC,"Lamivudine/Tenofovir Disoproxil Fumarate 300/300mg, tablets, 30 Tabs",Lamivudine/Tenofovir Disoproxil Fumarate,Generic,300/300mg,Tablet - FDC,30,131520,618144.0,4.7,0.16,Hetero Unit III Hyderabad IN,Yes,19248,14451.69,764.64
25083,102-SZ-T30,FPQ-10537,SCMS-159080,ASN-16585,Swaziland,PMO - US,Direct Drop,EXW,Air,8/23/2012,9/12/2012,18-Jun-13,18-Jun-13,18-Jun-13,HRDT,HIV test,"Trinity Biotech, Plc","HIV 1/2, Uni-Gold HIV Kit, 20 Tests","HIV 1/2, Uni-Gold HIV Kit",Uni-Gold,,Test kit,20,150,4800.0,32.0,1.6,"Trinity Biotech, Plc",Yes,54,752.58,6.73
32372,114-UG-T30,FPQ-11153,SCMS-171900,ASN-18877,Uganda,PMO - US,Direct Drop,FCA,Air,12/13/2012,1/11/2013,9-Apr-13,9-Apr-13,9-Apr-13,ARV,Pediatric,ABBVIE LOGISTICS (FORMERLY ABBOTT LOGISTICS BV),"Lopinavir/Ritonavir 100/25mg [Aluvia], tablets, 60 Tabs",Lopinavir/Ritonavir,Generic,100/25mg,Tablet,60,6390,37956.6,5.94,0.1,ABBVIE Ludwigshafen Germany,Yes,733,6255.87,46.95
64757,106-HT-T30,FPQ-12590,SCMS-210510,ASN-24412,Haiti,PMO - US,Direct Drop,EXW,Ocean,8/21/2013,10/25/2013,9-May-14,9-May-14,12-May-14,ARV,Adult,HETERO LABS LIMITED,"Efavirenz/Lamivudine/Tenofovir Disoproxil Fumarate 600/300/300mg, tablets, 30 Tabs",Efavirenz/Lamivudine/Tenofovir Disoproxil Fumarate,Generic,600/300/300mg,Tablet - FDC,30,39600,415800.0,10.5,0.35,Hetero Unit III Hyderabad IN,Yes,5986,2549.52,514.34
47638,102-GY-T30,FPQ-8053,SCMS-115820,ASN-11658,Guyana,PMO - US,Direct Drop,EXW,Air,7/13/2011,7/20/2011,8-Aug-11,8-Aug-11,8-Aug-11,HRDT,HIV test,"CHEMBIO DIAGNOSTIC SYSTEMS, INC.","HIV 1/2, Stat-Pak HIV, Kit, 20 Tests","HIV 1/2, Stat-Pak HIV, Kit",Stat-Pak,,Test kit,20,15,435.0,29.0,1.45,Chembio Diagnostics Sys. Inc.,Yes,6,325.67,0.72
32026,151-NG-T30,FPQ-7218,SCMS-105110,ASN-10989,Nigeria,PMO - US,Direct Drop,FCA,Air,2/28/2011,4/4/2011,14-Jun-11,14-Jun-11,14-Jun-11,ARV,Adult,ABBVIE LOGISTICS (FORMERLY ABBOTT LOGISTICS BV),"Ritonavir 100mg [Norvir], film coated tablets, 60 Tabs",Ritonavir,Norvir,100mg,Tablet,60,448,3068.8,6.85,0.11,ABBVIE Ludwigshafen Germany,Yes,68,1123.14,5.06
84922,104-CI-T30,FPQ-13142,SO-47150,DN-3656,Côte d'Ivoire,PMO - US,From RDC,N/A - From RDC,Truck,10/22/2013,N/A - From RDC,30-Apr-14,22-Apr-14,11-Jun-14,ARV,Adult,SCMS from RDC,"Lamivudine/Nevirapine/Zidovudine 150/200/300mg, tablets, 60 Tabs",Lamivudine/Nevirapine/Zidovudine,Generic,150/300/200mg,Tablet - FDC,60,75235,610155.85,8.11,0.14,"Strides, Bangalore, India.",Yes,9080,34551.83,627.24
10732,111-MZ-T01,Pre-PQ Process,SO-15080,DN-1034,Mozambique,PMO - US,From RDC,N/A - From RDC,Air,Pre-PQ Process,N/A - From RDC,21-Feb-09,21-Feb-09,21-Feb-09,ARV,Adult,SCMS from RDC,"Lamivudine/Nevirapine/Zidovudine 150/200/300mg, tablets, 60 Tabs",Lamivudine/Nevirapine/Zidovudine,Generic,150/300/200mg,Tablet - FDC,60,13100,154580.0,11.8,0.2,"Aurobindo Unit III, India",Yes,6036,3671.92,302.98
86094,104-CI-T30,FPQ-13142,SO-47154,DN-3747,Côte d'Ivoire,PMO - US,From RDC,N/A - From RDC,Truck,10/22/2013,N/A - From RDC,30-Jun-14,16-Jun-14,10-Jul-14,ARV,Adult,SCMS from RDC,"Lopinavir/Ritonavir 200/50mg, tablets, 120 Tabs",Lopinavir/Ritonavir,Generic,200/50mg,Tablet,120,13429,264685.59,19.71,0.16,Mylan (formerly Matrix) Nashik,Yes,3522,14985.96,272.1
7030,108-VN-T01,Pre-PQ Process,SCMS-20330,ASN-1984,Vietnam,PMO - US,Direct Drop,CIP,Air,Pre-PQ Process,3/31/2008,17-Jul-08,17-Jul-08,17-Jul-08,ARV,Pediatric,BRISTOL-MYERS SQUIBB,"Didanosine 25mg [Videx], chewable tablets, 60 Tabs",Didanosine,Videx,25mg,Chewable/dispersible tablet,60,400,2800.0,7.0,0.12,"BMS Meymac, France",Yes,82,2211.05,4.48
12008,114-UG-T01,Pre-PQ Process,SO-31470,DN-1415,Uganda,PMO - US,From RDC,N/A - From RDC,Air,Date Not Captured,N/A - From RDC,14-Sep-09,14-Sep-09,14-Sep-09,ARV,Adult,SCMS from RDC,"Emtricitabine/Tenofovir Disoproxil Fumarate 200/300mg [Truvada], tablets, 30 Tabs",Emtricitabine/Tenofovir Disoproxil Fumarate,Truvada,300/200mg,Tablet - FDC,30,1795,47118.75,26.25,0.88,"Aspen-OSD, Port Elizabeth, SA",Yes,160,2590.35,92.35
20723,116-ZA-T30,FPQ-14942,SCMS-259072,ASN-30377,South Africa,PMO - US,Direct Drop,DDP,Truck,9/11/2014,1/26/2015,26-Jan-15,26-Jan-15,26-Jan-15,ARV,Adult,PHARMACY DIRECT,"Didanosine 400mg, delayed-release capsules, 30 Caps",Didanosine,Generic,400mg,Delayed-release capsules,30,7,99.53,14.22,0.47,"Aurobindo Unit III, India",No,Weight Captured Separately,Freight Included in Commodity Cost,0.1
11780,104-CI-T01,Pre-PQ Process,SO-997,DN-324,Côte d'Ivoire,PMO - US,From RDC,N/A - From RDC,,Pre-PQ Process,N/A - From RDC,31-Aug-07,31-Aug-07,31-Aug-07,ARV,Pediatric,SCMS from RDC,"Nevirapine 10mg/ml, oral suspension, Bottle, 240 ml",Nevirapine,Generic,10mg/ml,Oral suspension,240,2938,5640.96,1.92,0.01,"Aurobindo Unit III, India",No,See DN-324 (ID#:10610),See DN-324 (ID#:10610),9.03
70797,116-ZA-T30,FPQ-14942,SCMS-259075,ASN-32137,South Africa,PMO - US,Direct Drop,DDP,Truck,9/11/2014,5/11/2015,12-May-15,12-May-15,12-May-15,ARV,Adult,PHARMACY DIRECT,"Raltegravir 400mg [Isentress], tablets, 60 Tabs",Raltegravir,Isentress,400mg,Tablet,60,6,366.99,61.16,1.02,"MSD, Haarlem, NL",No,Weight Captured Separately,Freight Included in Commodity Cost,0.38
11656,113-ZW-T01,Pre-PQ Process,SO-21010,DN-1289,Zimbabwe,PMO - US,From RDC,N/A - From RDC,Truck,Pre-PQ Process,N/A - From RDC,22-Jun-09,22-Jun-09,22-Jun-09,ARV,Adult,SCMS from RDC,"Lamivudine/Stavudine 150/30mg, tablets, 60 Tabs",Lamivudine/Stavudine,Generic,150/30mg,Tablet - FDC,60,4000,16000.0,4.0,0.07,"Cipla, Goa, India",No,See DN-1289 (ID#:11332),See DN-1289 (ID#:11332),31.36
83529,114-UG-T30,FPQ-7162,SO-38800,DN-2329,Uganda,PMO - US,From RDC,N/A - From RDC,Truck,2/14/2011,N/A - From RDC,5-Aug-11,24-Aug-11,24-Aug-11,ARV,Adult,SCMS from RDC,"Lamivudine/Nevirapine/Zidovudine 150/200/300mg, tablets, 60 Tabs",Lamivudine/Nevirapine/Zidovudine,Generic,150/300/200mg,Tablet - FDC,60,105000,1178100.0,11.22,0.19,Mylan (formerly Matrix) Nashik,No,See DN-2329 (ID#:82976),See DN-2329 (ID#:82976),1943.86
41791,105-GH-T30,FPQ-13809,SCMS-234060,ASN-25862,Ghana,PMO - US,Direct Drop,EXW,Air,3/7/2014,4/15/2014,17-Jun-14,17-Jun-14,24-Jun-14,ARV,Adult,CIPLA LIMITED,"Efavirenz/Emtricitabine/Tenofovir Disoproxil Fumarate 600/200/300mg, tablets, 30 Tabs",Efavirenz/Emtricitabine/Tenofovir Disoproxil Fumarate,Generic,600/200/300mg,Tablet - FDC,30,24917,284053.8,11.4,0.38,"Cipla, Goa, India",Yes,3227,20654.13,292.01
83733,111-MZ-T30,FPQ-12416,SO-45892,DN-3376,Mozambique,PMO - US,From RDC,N/A - From RDC,Truck,6/28/2013,N/A - From RDC,29-Nov-13,28-Nov-13,12-Dec-13,ARV,Adult,SCMS from RDC,"Efavirenz 600mg, tablets, 30 Tabs",Efavirenz,Generic,600mg,Tablet,30,32000,106560.0,3.33,0.11,"Strides, Bangalore, India.",No,See DN-3376 (ID#:83175),See DN-3376 (ID#:83175),131.81
38308,106-HT-T30,FPQ-16241,SCMS-289480,ASN-32512,Haiti,PMO - US,Direct Drop,EXW,Air,5/5/2015,5/29/2015,2-Jul-15,2-Jul-15,6-Jul-15,ARV,Pediatric,Aurobindo Pharma Limited,"Nevirapine 50mg, dispersible tablets (tablets for oral suspension), 30 Tabs",Nevirapine,Generic,50mg,Chewable/dispersible tablet,30,2303,2878.75,1.25,0.04,"Aurobindo Unit III, India",Yes,143,2251.42,3.39
72454,101-KE-T30,FPQ-10314,SCMS-153912,ASN-17291,Kenya,PMO - US,Direct Drop,CIP,Air,7/12/2012,11/21/2012,10-Dec-12,10-Dec-12,10-Dec-12,HRDT,HIV test,"Orgenics, Ltd","HIV 1/2, Determine Complete HIV Kit, 100 Tests","HIV 1/2, Determine Complete HIV Kit",Determine,,Test kit,100,5995,533555.0,89.0,0.89,"Alere Medical Co., Ltd.",Yes,Weight Captured Separately,Freight Included in Commodity Cost,748.04
82310,151-NG-T30,FPQ-4537,SO-35097,DN-1747,Nigeria,PMO - US,From RDC,N/A - From RDC,Air Charter,11/6/2009,N/A - From RDC,19-Apr-10,30-Mar-10,30-Mar-10,ARV,Adult,SCMS from RDC,"Zidovudine 300mg, tablets, 60 Tabs",Zidovudine,Generic,300mg,Tablet,60,586,4395.0,7.5,0.12,Mylan (formerly Matrix) Nashik,Yes,30,Freight Included in Commodity Cost,9.48
32029,113-ZW-T30,FPQ-13939,SCMS-240570,ASN-27586,Zimbabwe,PMO - US,Direct Drop,EXW,Air Charter,4/1/2014,5/27/2014,17-Sep-14,17-Sep-14,19-Sep-14,ARV,Adult,HETERO LABS LIMITED,"Lamivudine/Tenofovir Disoproxil Fumarate 300/300mg, tablets, 30 Tabs",Lamivudine/Tenofovir Disoproxil Fumarate,Generic,300/300mg,Tablet - FDC,30,42192,194927.04,4.62,0.15,Hetero Unit III Hyderabad IN,Yes,4584,25682.65,200.38
19771,108-VN-T30,FPQ-5317,SCMS-69220,ASN-7411,Vietnam,PMO - US,Direct Drop,FCA,Air,3/22/2010,3/31/2010,16-Jul-10,16-Jul-10,16-Jul-10,ARV,Adult,ABBVIE LOGISTICS (FORMERLY ABBOTT LOGISTICS BV),"Lopinavir/Ritonavir 200/50mg [Aluvia], tablets, 120 Tabs",Lopinavir/Ritonavir,Aluvia,200/50mg,Tablet,120,5530,454566.0,82.2,0.68,ABBVIE Ludwigshafen Germany,Yes,1348,10670.09,980.04
85077,123-NG-T30,FPQ-4014,SO-32974,DN-1570,Nigeria,PMO - US,From RDC,N/A - From RDC,Air Charter,7/27/2009,N/A - From RDC,18-Dec-09,18-Dec-09,18-Dec-09,ARV,Adult,SCMS from RDC,"Abacavir 300mg, tablets, 60 Tabs",Abacavir,Generic,300mg,Tablet,60,755,16172.1,21.42,0.36,Mylan (formerly Matrix) Nashik,Yes,75,11637.64,31.7
20761,114-UG-T30,FPQ-14325,SCMS-244400,ASN-28662,Uganda,PMO - US,Direct Drop,CIP,Air,5/26/2014,6/23/2014,28-Oct-14,28-Oct-14,28-Oct-14,ARV,Adult,MERCK SHARP & DOHME IDEA GMBH (FORMALLY MERCK SHARP & DOHME B.V.),"Raltegravir 400mg [Isentress], tablets, 60 Tabs",Raltegravir,Isentress,400mg,Tablet,60,1299,72094.5,55.5,0.92,"MSD, Haarlem, NL",Yes,137,309.95,74.11
82331,110-ZM-T30,FPQ-5702,SO-36850,DN-1875,Zambia,PMO - US,From RDC,N/A - From RDC,Truck,5/20/2010,N/A - From RDC,4-Nov-10,29-Jun-10,29-Jun-10,ARV,Adult,SCMS from RDC,"Efavirenz 600mg, tablets, 30 Tabs",Efavirenz,Generic,600mg,Tablet,30,19454,89488.4,4.6,0.15,"Aurobindo Unit III, India",No,See DN-1875 (ID#:82330),See DN-1875 (ID#:82330),192.94
61659,161-ZA-T30,FPQ-6708,SCMS-93550,ASN-10569,South Africa,PMO - US,Direct Drop,DDP,Ocean,11/26/2010,12/14/2010,13-Jun-11,13-Jun-11,13-Jun-11,ARV,Adult,Aurobindo Pharma Limited,"Tenofovir Disoproxil Fumarate 300mg, tablets, 30 Tabs",Tenofovir Disoproxil Fumarate,Generic,300mg,Tablet,30,52158,346850.7,6.65,0.22,"Aurobindo Unit III, India",Yes,4868,6121.41,572.3
19348,102-ML-T30,FPQ-10104,SCMS-153790,ASN-16513,Mali,PMO - US,Direct Drop,EXW,Air,7/5/2012,8/21/2012,4-Oct-12,4-Oct-12,4-Oct-12,HRDT,HIV test,"Orgenics, Ltd","HIV 1/2, Clearview Complete Kit, 25 Tests","HIV 1/2, Clearview Complete Kit",Clearview,,Test kit,25,87,8265.0,95.0,3.8,Chembio Diagnostics Sys. Inc.,Yes,40,1333.4,11.59
56927,133-NG-T30,FPQ-4891,SCMS-64780,ASN-6979,Nigeria,PMO - US,Direct Drop,EXW,Air,1/15/2010,2/5/2010,5-May-10,16-Jun-10,16-Jun-10,HRDT,HIV test,"Orgenics, Ltd","HIV 1/2, Determine Complete HIV Kit, 100 Tests","HIV 1/2, Determine Complete HIV Kit",Determine,,Test kit,100,2100,168000.0,80.0,0.8,Inverness Japan,Yes,1002,Freight Included in Commodity Cost,362.21
66782,100-GN-T30,FPQ-4855,SCMS-63890,ASN-6143,Guinea,PMO - US,Direct Drop,EXW,Air,1/20/2010,1/22/2010,23-Mar-10,23-Mar-10,23-Mar-10,HRDT,HIV test,"Orgenics, Ltd","HIV 1/2, Determine Complete HIV Kit, 100 Tests","HIV 1/2, Determine Complete HIV Kit",Determine,,Test kit,100,50,3600.0,72.0,0.72,Inverness Japan,Yes,32,1804.2,7.76
5793,108-VN-T01,Pre-PQ Process,SCMS-23340,ASN-2277,Vietnam,PMO - US,Direct Drop,EXW,Air,Pre-PQ Process,5/13/2008,19-Sep-08,19-Sep-08,19-Sep-08,ARV,Adult,Aurobindo Pharma Limited,"Lamivudine/Zidovudine 150/300mg, tablets, 60 Tabs",Lamivudine/Zidovudine,Generic,150/300mg,Tablet - FDC,60,3024,27972.0,9.25,0.15,"Aurobindo Unit III, India",Yes,703,10356.86,44.76
85408,100-ZM-T30,FPQ-12497,SO-45930,DN-3357,Zambia,PMO - US,From RDC,N/A - From RDC,Truck,6/20/2013,N/A - From RDC,24-Nov-13,29-Nov-13,12-Dec-13,ARV,Adult,SCMS from RDC,"Nevirapine 200mg, tablets, 60 Tabs",Nevirapine,Generic,200mg,Tablet,60,35496,80220.96,2.26,0.04,"Cipla, Goa, India",No,Weight Captured Separately,Freight Included in Commodity Cost,99.23
48099,101-CD-T30,FPQ-16001,SCMS-280210,ASN-31750,"Congo, DRC",PMO - US,Direct Drop,EXW,Air,3/10/2015,3/16/2015,2-Jul-15,2-Jul-15,30-Jul-15,HRDT,HIV test,"Trinity Biotech, Plc","HIV 1/2, Uni-Gold HIV Kit, 20 Tests","HIV 1/2, Uni-Gold HIV Kit",Uni-Gold,,Test kit,20,41,1312.0,32.0,1.6,"Trinity Biotech, Plc",No,See ASN-31750 (ID#:19272),See ASN-31750 (ID#:19272),1.54
26590,116-ZA-T30,FPQ-12522,SCMS-199289,ASN-28036,South Africa,PMO - US,Direct Drop,DDP,Truck,7/11/2013,8/29/2014,29-Aug-14,29-Aug-14,29-Aug-14,ARV,Adult,S. BUYS WHOLESALER,"Didanosine 400mg, delayed-release capsules, 30 Caps",Didanosine,Generic,400mg,Delayed-release capsules,30,31,672.87,21.71,0.72,"Aurobindo Unit III, India",No,Weight Captured Separately,Freight Included in Commodity Cost,0.83
85628,114-UG-T30,FPQ-4065,SO-33010,DN-1417,Uganda,PMO - US,From RDC,N/A - From RDC,Air,8/6/2009,N/A - From RDC,8-Oct-09,8-Oct-09,8-Oct-09,ARV,Adult,SCMS from RDC,"Lamivudine/Tenofovir Disoproxil Fumarate 300/300mg, tablets, 30 Tabs",Lamivudine/Tenofovir Disoproxil Fumarate,Generic,300/300mg,Tablet - FDC,30,280,2800.0,10.0,0.33,Mylan (formerly Matrix) Nashik,No,See DN-1417 (ID#:82271),See DN-1417 (ID#:82271),5.49
41780,161-ZA-T30,FPQ-6708,SCMS-93530,ASN-9845,South Africa,PMO - US,Direct Drop,DDP,Ocean,11/26/2010,12/14/2010,7-Apr-11,7-Apr-11,7-Apr-11,ARV,Adult,Aurobindo Pharma Limited,"Tenofovir Disoproxil Fumarate 300mg, tablets, 30 Tabs",Tenofovir Disoproxil Fumarate,Generic,300mg,Tablet,30,120000,798000.0,6.65,0.22,"Aurobindo Unit III, India",Yes,11201,13084.26,1316.7
51267,133-NG-T30,FPQ-10765,SCMS-162440,ASN-18601,Nigeria,PMO - US,Direct Drop,EXW,Air,10/5/2012,10/16/2012,9-Jan-13,2-Apr-13,2-Apr-13,HRDT,HIV test,"Orgenics, Ltd","HIV 1/2, Determine Complete HIV Kit, 100 Tests","HIV 1/2, Determine Complete HIV Kit",Determine,,Test kit,100,2887,256943.0,89.0,0.89,"Alere Medical Co., Ltd.",Yes,1247,26859.39,360.23
83406,151-NG-T30,FPQ-4537,SO-35068,DN-1686,Nigeria,PMO - US,From RDC,N/A - From RDC,Air Charter,11/6/2009,N/A - From RDC,19-Apr-10,31-Mar-10,31-Mar-10,ARV,Adult,SCMS from RDC,"Lamivudine/Nevirapine/Zidovudine 150/200/300mg, tablets, 60 Tabs",Lamivudine/Nevirapine/Zidovudine,Generic,150/300/200mg,Tablet - FDC,60,1200,13464.0,11.22,0.19,"Aurobindo Unit III, India",Yes,141,Freight Included in Commodity Cost,29.03
85960,103-SS-T30,FPQ-11489,SO-44630,DN-3125,South Sudan,PMO - US,From RDC,N/A - From RDC,Air,1/16/2013,N/A - From RDC,30-Apr-13,24-Apr-13,24-Apr-13,ARV,Adult,SCMS from RDC,"Lopinavir/Ritonavir 200/50mg, tablets, 120 Tabs",Lopinavir/Ritonavir,Generic,200/50mg,Tablet,120,507,12553.32,24.76,0.21,"Aurobindo Unit III, India",No,See DN-3125 (ID#:82571),See DN-3125 (ID#:82571),15.53
83029,102-LY-T30,FPQ-9665,SO-41900,DN-2641,Libya,PMO - US,From RDC,N/A - From RDC,Air,4/4/2012,N/A - From RDC,23-May-12,23-May-12,23-May-12,ARV,Adult,SCMS from RDC,"Lopinavir/Ritonavir 200/50mg [Aluvia], tablets, 120 Tabs",Lopinavir/Ritonavir,Aluvia,200/50mg,Tablet,120,500,15410.0,30.82,0.26,ABBVIE Ludwigshafen Germany,Yes,709,761.91,21.6
19940,108-VN-T30,FPQ-13524,SCMS-226251,ASN-27964,Vietnam,PMO - US,Direct Drop,EXW,Air,2/6/2014,6/27/2014,3-Nov-14,3-Nov-14,3-Nov-14,ARV,Adult,MYLAN LABORATORIES LTD (FORMERLY MATRIX LABORATORIES),"Lamivudine/Zidovudine 150/300mg, tablets, 60 Tabs",Lamivudine/Zidovudine,Generic,150/300mg,Tablet - FDC,60,20000,129800.0,6.49,0.11,Mylan (formerly Matrix) Nashik,Yes,1725,3273.14,133.43
35637,116-ZA-T30,FPQ-13973,SCMS-238552,ASN-27606,South Africa,PMO - US,Direct Drop,DDP,Truck,4/30/2014,8/5/2014,5-Aug-14,5-Aug-14,5-Aug-14,ARV,Adult,PHARMACY DIRECT,"Didanosine 400mg, delayed-release capsules, 30 Caps",Didanosine,Generic,400mg,Delayed-release capsules,30,1,19.68,19.68,0.66,"Aurobindo Unit III, India",No,Weight Captured Separately,Freight Included in Commodity Cost,0.02
83551,111-MZ-T30,FPQ-8157,SO-40321,DN-2480,Mozambique,PMO - US,From RDC,N/A - From RDC,Truck,8/4/2011,N/A - From RDC,29-Feb-12,22-Feb-12,22-Feb-12,ARV,Adult,SCMS from RDC,"Lamivudine/Nevirapine/Zidovudine 150/200/300mg, tablets, 60 Tabs",Lamivudine/Nevirapine/Zidovudine,Generic,150/300/200mg,Tablet - FDC,60,275,3085.5,11.22,0.19,Mylan (formerly Matrix) Nashik,Yes,36,3470,5.09
84068,109-TZ-T30,FPQ-7347,SO-39010,DN-2151,Tanzania,PMO - US,From RDC,N/A - From RDC,Air,3/7/2011,N/A - From RDC,7-Apr-11,31-Mar-11,31-Mar-11,ARV,Adult,SCMS from RDC,"Efavirenz 600mg, tablets, 30 Tabs",Efavirenz,Generic,600mg,Tablet,30,3493,14740.46,4.22,0.14,"Emcure Plot No.P-2, I.T-B.T. Park, Phase II, MIDC, Hinjwadi, Pune, India",Yes,2996,9639.1,24.32
82993,113-ZW-T30,FPQ-7052,SO-38521,DN-2441,Zimbabwe,PMO - US,From RDC,N/A - From RDC,Truck,1/19/2011,N/A - From RDC,7-Dec-11,9-Dec-11,9-Dec-11,ARV,Adult,SCMS from RDC,"Lamivudine/Nevirapine/Stavudine 150/200/30mg, tablets, 60 Tabs",Lamivudine/Nevirapine/Stavudine,Generic,150/200/30mg,Tablet - FDC,60,75507,406227.66,5.38,0.09,"Cipla, Goa, India",Yes,8578,5216.63,670.28
78220,116-ZA-T30,FPQ-12522,SCMS-199289,ASN-28034,South Africa,PMO - US,Direct Drop,DDP,Truck,7/11/2013,8/29/2014,29-Aug-14,29-Aug-14,29-Aug-14,ARV,Adult,S. BUYS WHOLESALER,"Lamivudine/Zidovudine 150/300mg, tablets, 60 Tabs",Lamivudine/Zidovudine,Generic,150/300mg,Tablet - FDC,60,239,7826.72,32.75,0.55,Hetero Unit III Hyderabad IN,No,Weight Captured Separately,Freight Included in Commodity Cost,9.68
69366,117-ET-T30,FPQ-5582,SCMS-72350,ASN-6929,Ethiopia,PMO - US,Direct Drop,EXW,Air,4/28/2010,4/29/2010,21-May-10,21-May-10,21-May-10,ARV,Adult,Aurobindo Pharma Limited,"Didanosine 400mg, delayed-release capsules, 30 Caps",Didanosine,Generic,400mg,Delayed-release capsules,30,500,10000.0,20.0,0.67,"Aurobindo Unit III, India",Yes,39,516.35,21.56
85238,109-TZ-T30,FPQ-8297,SO-40613,DN-2558,Tanzania,PMO - US,From RDC,N/A - From RDC,Truck,8/22/2011,N/A - From RDC,6-Apr-12,14-Feb-12,14-Feb-12,ARV,Adult,SCMS from RDC,"Zidovudine 300mg, tablets, 60 Tabs",Zidovudine,Generic,300mg,Tablet,60,39402,276602.04,7.02,0.12,Hetero Unit III Hyderabad IN,No,See DN-2558 (ID#:82453),See DN-2558 (ID#:82453),456.39
14988,102-SS-T30,FPQ-9038,SCMS-137200,ASN-14984,South Sudan,PMO - US,Direct Drop,EXW,Air,1/17/2012,4/5/2012,15-Jun-12,15-Jun-12,15-Jun-12,HRDT,HIV test,"Orgenics, Ltd","HIV 1/2, Determine Complete HIV Kit, 100 Tests","HIV 1/2, Determine Complete HIV Kit",Determine,,Test kit,100,337,29993.0,89.0,0.89,"Alere Medical Co., Ltd.",Yes,181,4978.09,42.05
73807,161-ZA-T30,FPQ-5303,SCMS-68940,ASN-8041,South Africa,PMO - US,Direct Drop,DDP,Air,3/18/2010,3/19/2010,7-Sep-10,27-Oct-10,27-Oct-10,ARV,Adult,Aurobindo Pharma Limited,"Efavirenz 600mg, tablets, 30 Tabs",Efavirenz,Generic,600mg,Tablet,30,29380,137204.6,4.67,0.16,"Aurobindo Unit III, India",Yes,Weight Captured Separately,Freight Included in Commodity Cost,295.81
32508,116-ZA-T30,FPQ-14942,SCMS-259073,ASN-30671,South Africa,PMO - US,Direct Drop,DDP,Truck,9/11/2014,2/12/2015,12-Feb-15,12-Feb-15,12-Feb-15,ARV,Pediatric,PHARMACY DIRECT,"Efavirenz 50mg, capsule, 30 Caps",Efavirenz,Generic,50mg,Capsule,30,9,19.55,2.17,0.07,"Aurobindo Unit III, India",No,Weight Captured Separately,Freight Included in Commodity Cost,0.02
82978,106-HT-T30,FPQ-7653,SO-39730,DN-2346,Haiti,PMO - US,From RDC,N/A - From RDC,Air,5/11/2011,N/A - From RDC,5-Dec-11,1-Oct-11,1-Oct-11,ARV,Adult,SCMS from RDC,"Nevirapine 200mg, tablets, 60 Tabs",Nevirapine,Generic,200mg,Tablet,60,15000,37650.0,2.51,0.04,Hetero Unit III Hyderabad IN,Yes,877,9178.48,62.12
50261,113-ZW-T30,FPQ-13939,SCMS-240580,ASN-27033,Zimbabwe,PMO - US,Direct Drop,EXW,Air Charter,4/1/2014,5/26/2014,23-Jul-14,22-Jul-14,29-Jul-14,ARV,Adult,Aurobindo Pharma Limited,"Lamivudine/Tenofovir Disoproxil Fumarate 300/300mg, tablets, 30 Tabs",Lamivudine/Tenofovir Disoproxil Fumarate,Generic,300/300mg,Tablet - FDC,30,18000,83700.0,4.65,0.16,"Aurobindo Unit VII, IN",Yes,1764,13959.22,86.04
78714,108-VN-T30,FPQ-10811,SCMS-164580,ASN-18662,Vietnam,PMO - US,Direct Drop,EXW,Air,10/15/2012,11/7/2012,3-Apr-13,3-Apr-13,3-Apr-13,ARV,Adult,HETERO LABS LIMITED,"Abacavir 300mg, tablets, 60 Tabs",Abacavir,Generic,300mg,Tablet,60,327,4218.3,12.9,0.22,Hetero Unit III Hyderabad IN,No,See ASN-18662 (ID#:38299),See ASN-18662 (ID#:38299),5.22
82808,105-GY-T30,FPQ-15680,SO-51040,DN-4294,Guyana,PMO - US,From RDC,N/A - From RDC,Air,1/2/2015,N/A - From RDC,30-Jun-15,26-Jun-15,3-Jul-15,ARV,Adult,SCMS from RDC,"Lopinavir/Ritonavir 200/50mg, tablets, 120 Tabs",Lopinavir/Ritonavir,Generic,200/50mg,Tablet,120,1746,33802.56,19.36,0.16,Hetero Unit III Hyderabad IN,Yes,473,5769.34,39.79
81747,111-MZ-T30,FPQ-13395,SCMS-219220,ASN-25455,Mozambique,PMO - US,Direct Drop,EXW,Air,12/11/2013,12/17/2013,2-May-14,2-May-14,7-May-14,ARV,Adult,HETERO LABS LIMITED,"Lamivudine/Nevirapine/Zidovudine 150/200/300mg, tablets, 60 Tabs",Lamivudine/Nevirapine/Zidovudine,Generic,150/300/200mg,Tablet - FDC,60,24816,201257.76,8.11,0.14,Hetero Unit III Hyderabad IN,Yes,3392,16835.52,206.89
34885,116-ZA-T30,FPQ-14942,SCMS-259073,ASN-30671,South Africa,PMO - US,Direct Drop,DDP,Truck,9/11/2014,2/12/2015,12-Feb-15,12-Feb-15,12-Feb-15,ARV,Adult,PHARMACY DIRECT,"Nevirapine 200mg, tablets, 60 Tabs",Nevirapine,Generic,200mg,Tablet,60,20,256.48,12.82,0.21,"Aurobindo Unit III, India",No,Weight Captured Separately,Freight Included in Commodity Cost,0.26
85043,114-UG-T30,FPQ-15294,SO-50052,DN-4309,Uganda,PMO - US,From RDC,N/A - From RDC,Truck,11/3/2014,N/A - From RDC,31-Jul-15,23-Jul-15,23-Jul-15,ARV,Pediatric,SCMS from RDC,"Lamivudine/Zidovudine 30/60mg, dispersible tablets, 60 Tabs",Lamivudine/Zidovudine,Generic,30/60mg,Chewable/dispersible tablet - FDC,60,5126,9841.92,1.92,0.03,"Cipla, Goa, India",No,See DN-4309 (ID#:82809),See DN-4309 (ID#:82809),11.58
12310,114-UG-T01,Pre-PQ Process,SO-32920,DN-1397,Uganda,PMO - US,From RDC,N/A - From RDC,Air,Date Not Captured,N/A - From RDC,24-Aug-09,24-Aug-09,24-Aug-09,ARV,Adult,SCMS from RDC,"Nevirapine 200mg, tablets, 60 Tabs",Nevirapine,Generic,200mg,Tablet,60,1650,4785.0,2.9,0.05,Hetero Unit III Hyderabad IN,No,See DN-1397 (ID#:11678),See DN-1397 (ID#:11678),9.38
86516,110-ZM-T30,FPQ-9773,SO-41992,DN-2865,Zambia,PMO - US,From RDC,N/A - From RDC,Truck,4/27/2012,N/A - From RDC,10-Oct-12,5-Oct-12,5-Oct-12,ARV,Adult,SCMS from RDC,"Efavirenz/Emtricitabine/Tenofovir Disoproxil Fumarate 600/200/300mg, tablets, 30 Tabs",Efavirenz/Emtricitabine/Tenofovir Disoproxil Fumarate,Generic,600/200/300mg,Tablet - FDC,30,60000,862800.0,14.38,0.48,Mylan (formerly Matrix) Nashik,No,See DN-2865 (ID#:82514),See DN-2865 (ID#:82514),1209.65
24386,151-NG-T30,FPQ-16312,SCMS-287700,ASN-32527,Nigeria,PMO - US,Direct Drop,EXW,Air,5/4/2015,5/7/2015,24-Jun-15,24-Jun-15,30-Jun-15,ARV,Adult,HETERO LABS LIMITED,"Lamivudine/Zidovudine 150/300mg, tablets, 60 Tabs",Lamivudine/Zidovudine,Generic,150/300mg,Tablet - FDC,60,58462,385849.2,6.6,0.11,Hetero Unit III Hyderabad IN,Yes,6093,42199.11,454.14
63292,108-VN-T30,FPQ-13976,SCMS-236080,ASN-28050,Vietnam,PMO - US,Direct Drop,FCA,Air,4/8/2014,4/30/2014,1-Oct-14,1-Oct-14,1-Oct-14,ARV,Adult,ABBVIE LOGISTICS (FORMERLY ABBOTT LOGISTICS BV),"Ritonavir 100mg [Norvir], film coated tablets, 30 Tabs",Ritonavir,Norvir,100mg,Tablet,30,400,9304.0,23.26,0.78,ABBVIE Ludwigshafen Germany,Yes,52,379.77,9.56
85682,151-NG-T30,FPQ-5023,SO-36440,DN-1898,Nigeria,PMO - US,From RDC,N/A - From RDC,Air,2/10/2010,N/A - From RDC,15-Jul-10,28-Jun-10,28-Jun-10,ARV,Adult,SCMS from RDC,"Efavirenz 600mg, tablets, 30 Tabs",Efavirenz,Generic,600mg,Tablet,30,44295,203757.0,4.6,0.15,"Strides, Bangalore, India.",Yes,3045,Freight Included in Commodity Cost,439.3
82203,106-HT-T30,FPQ-11285,SCMS-176250,ASN-18844,Haiti,PMO - US,Direct Drop,FCA,Air,1/16/2013,2/5/2013,11-Apr-13,11-Apr-13,11-Apr-13,ARV,Pediatric,LAWRENCE LABORATORIES (SUBSIDIARY OF BRISTOL MYERS SQUIBB),"Didanosine 2g [Videx], powder for oral solution 10mg/ml, reconstitute to 200 ml",Didanosine,Videx,2g,Powder for oral solution,200,98,1233.82,12.59,0.06,Bristol-Myers Squibb Anagni IT,Yes,22,817.99,1.53
83719,110-ZM-T30,FPQ-10728,SO-43462,DN-3340,Zambia,PMO - US,From RDC,N/A - From RDC,Truck,10/5/2012,N/A - From RDC,5-Nov-13,5-Nov-13,12-Nov-13,ARV,Adult,SCMS from RDC,"Lamivudine/Zidovudine 150/300mg, tablets, 60 Tabs",Lamivudine/Zidovudine,Generic,150/300mg,Tablet - FDC,60,67271,470897.0,7.0,0.12,"Cipla, Goa, India",Yes,6041,10651.44,660.2
11675,104-CI-T01,Pre-PQ Process,SO-32830,DN-1387,Côte d'Ivoire,PMO - US,From RDC,N/A - From RDC,Air,Date Not Captured,N/A - From RDC,25-Aug-09,25-Aug-09,25-Aug-09,ARV,Pediatric,SCMS from RDC,"Zidovudine 100mg, capsules, 100 Caps",Zidovudine,Generic,100mg,Capsule,100,3612,18060.0,5.0,0.05,"Aurobindo Unit III, India",No,See DN-1387 (ID#:11674),See DN-1387 (ID#:11674),35.4
64087,112-NG-T30,FPQ-9199,SCMS-140040,ASN-15132,Nigeria,PMO - US,Direct Drop,EXW,Air,3/1/2012,5/15/2012,3-Jul-12,3-Jul-12,3-Jul-12,ACT,ACT,NOVARTIS PHARMA SERVICES AG,"Artemether/Lumefantrine 20/120mg [Coartem], scored tablets, Blister 30 x 24 Tabs",Artemether/Lumefantrine,Coartem,20/120mg,Tablet - FDC + blister,720,2500,132000.0,52.8,0.07,"Novartis Pharma Suffern, USA",Yes,1746,11216.78,185.06
84716,114-UG-T30,FPQ-9354,SO-41640,DN-2609,Uganda,PMO - US,From RDC,N/A - From RDC,Air,2/20/2012,N/A - From RDC,21-Jun-12,27-Mar-12,27-Mar-12,ARV,Adult,SCMS from RDC,"Efavirenz/Emtricitabine/Tenofovir Disoproxil Fumarate 600/200/300mg, tablets, 30 Tabs",Efavirenz/Emtricitabine/Tenofovir Disoproxil Fumarate,Generic,600/200/300mg,Tablet - FDC,30,11852,198283.96,16.73,0.56,Mylan (formerly Matrix) Nashik,Yes,1342,6340.2,277.99
55322,161-ZA-T30,FPQ-5303,SCMS-68940,ASN-8124,South Africa,PMO - US,Direct Drop,DDP,Air,3/18/2010,3/19/2010,7-Sep-10,27-Oct-10,27-Oct-10,ARV,Adult,Aurobindo Pharma Limited,"Efavirenz 600mg, tablets, 30 Tabs",Efavirenz,Generic,600mg,Tablet,30,31680,147945.6,4.67,0.16,"Aurobindo Unit III, India",Yes,2970,4263.07,318.97
83465,110-ZM-T30,FPQ-6221,SO-37320,DN-2054,Zambia,PMO - US,From RDC,N/A - From RDC,Truck,8/20/2010,N/A - From RDC,31-Dec-10,25-Nov-10,25-Nov-10,ARV,Adult,SCMS from RDC,"Lamivudine/Nevirapine/Stavudine 150/200/30mg, tablets, 60 Tabs",Lamivudine/Nevirapine/Stavudine,Generic,150/200/30mg,Tablet - FDC,60,56430,306414.9,5.43,0.09,"Strides, Bangalore, India.",Yes,15358,16606.55,660.63
78729,108-VN-T30,FPQ-4720,SCMS-62470,ASN-6341,Vietnam,PMO - US,Direct Drop,EXW,Air,1/4/2009,1/12/2010,1-Apr-10,1-Apr-10,1-Apr-10,ARV,Adult,MYLAN LABORATORIES LTD (FORMERLY MATRIX LABORATORIES),"Lamivudine 150mg, tablets, 60 Tabs",Lamivudine,Generic,150mg,Tablet,60,16800,43680.0,2.6,0.04,Mylan (formerly Matrix) Nashik,No,See ASN-6341 (ID#:29298),See ASN-6341 (ID#:29298),94.17
2721,110-ZM-T01,Pre-PQ Process,SCMS-416,ASN-465,Zambia,PMO - US,Direct Drop,CIP,Air,Pre-PQ Process,3/8/2007,6-Jun-07,6-Jun-07,6-Jun-07,ARV,Pediatric,BRISTOL-MYERS SQUIBB,"Didanosine 100mg [Videx],chewable tablets, 60 Tabs",Didanosine,Videx,100mg,Chewable/dispersible tablet,60,5408,68952.0,12.75,0.21,"BMS Meymac, France",Yes,1072,Freight Included in Commodity Cost,
84773,114-UG-T30,FPQ-10556,SO-43190,DN-2951,Uganda,PMO - US,From RDC,N/A - From RDC,Air,8/30/2012,N/A - From RDC,1-Feb-13,1-Feb-13,1-Feb-13,ARV,Adult,SCMS from RDC,"Nevirapine 200mg, tablets, 60 Tabs",Nevirapine,Generic,200mg,Tablet,60,4290,10381.8,2.42,0.04,Hetero Unit III Hyderabad IN,No,See DN-2951 (ID#:82532),See DN-2951 (ID#:82532),14.56
18325,103-CM-T30,FPQ-14930,SCMS-259410,ASN-28998,Cameroon,PMO - US,Direct Drop,EXW,Air,9/23/2014,10/16/2014,3-Nov-14,3-Nov-14,5-Nov-14,HRDT,HIV test,Orasure Technologies Inc.,"HIV 1/2, OraQuick Advance HIV Rapid Antibody Kit, 100 Tests","HIV 1/2, OraQuick Advance HIV Rapid Antibody Kit",OraQuick,,Test kit,100,30,10500.0,350.0,3.5,"Pacific Biotech, Thailand",Yes,77,1800.48,10.79
86242,123-NG-T30,FPQ-4395,SO-32971,DN-1493,Nigeria,PMO - US,From RDC,N/A - From RDC,Air Charter,7/27/2009,N/A - From RDC,18-Dec-09,20-Nov-09,20-Nov-09,ARV,Adult,SCMS from RDC,"Nevirapine 200mg, tablets, 60 Tabs",Nevirapine,Generic,200mg,Tablet,60,20025,58072.5,2.9,0.05,"Aurobindo Unit III, India",No,See DN-1493 (ID#:83374),See DN-1493 (ID#:83374),113.82
86600,102-BI-T30,FPQ-12065,SO-45171,DN-3310,Burundi,PMO - US,From RDC,N/A - From RDC,Air,4/22/2013,N/A - From RDC,9-Sep-13,10-Sep-13,10-Sep-13,ARV,Pediatric,SCMS from RDC,"Nevirapine 10mg/ml, oral suspension w/syringe, Bottle, 240 ml",Nevirapine,Generic,10mg/ml,Oral suspension,240,2280,4446.0,1.95,0.01,"Aurobindo Unit III, India",Yes,845,5435.44,5.5
82661,101-CD-T30,FPQ-13554,SO-47640,DN-3603,"Congo, DRC",PMO - US,From RDC,N/A - From RDC,Air,1/15/2014,N/A - From RDC,26-Mar-14,13-May-14,16-May-14,ARV,Adult,SCMS from RDC,"Nevirapine 200mg, tablets, 60 Tabs",Nevirapine,Generic,200mg,Tablet,60,2167,4897.42,2.26,0.04,"Aurobindo Unit III, India",Yes,211,3531.86,5.03
53675,161-ZA-T30,FPQ-7175,SCMS-103810,ASN-12497,South Africa,PMO - US,Direct Drop,DDP,Ocean,3/10/2011,3/28/2011,7-Dec-11,7-Dec-11,7-Dec-11,ARV,Pediatric,CIPLA LIMITED,"Lamivudine 10mg/ml, oral solution, Bottle, 240 ml",Lamivudine,Generic,10mg/ml,Oral solution,240,9960,20517.6,2.06,0.01,"Cipla, Goa, India",Yes,3670,9021.5,33.85
83672,109-TZ-T30,FPQ-11393,SO-44381,DN-3101,Tanzania,PMO - US,From RDC,N/A - From RDC,Truck,12/30/2012,N/A - From RDC,31-May-13,14-May-13,14-May-13,ARV,Adult,SCMS from RDC,"Lopinavir/Ritonavir 200/50mg, tablets, 120 Tabs",Lopinavir/Ritonavir,Generic,200/50mg,Tablet,120,12837,317844.12,24.76,0.21,"Aurobindo Unit III, India",Yes,4613,3592.8,393.17
32903,116-ZA-T30,FPQ-12522,SCMS-199289,ASN-28033,South Africa,PMO - US,Direct Drop,DDP,Truck,7/11/2013,8/29/2014,29-Aug-14,29-Aug-14,29-Aug-14,ARV,Adult,S. BUYS WHOLESALER,"Tenofovir Disoproxil Fumarate 300mg, tablets, 30 Tabs",Tenofovir Disoproxil Fumarate,Generic,300mg,Tablet,30,486,10116.11,20.82,0.69,Hetero Unit III Hyderabad IN,No,Weight Captured Separately,Freight Included in Commodity Cost,12.51
40702,105-SS-T30,FPQ-15569,SCMS-272160,ASN-31321,South Sudan,PMO - US,Direct Drop,EXW,Air,12/29/2014,2/20/2015,3-Jun-15,3-Jun-15,5-Jun-15,HRDT,HIV test - Ancillary,"Orgenics, Ltd","Chase Buffer, Determine, 100 Tests, 2.5ml x 1 Vial","Chase Buffer, Determine, 100 Tests, 2.5ml x 1 Vial",Determine,,Test kit - Ancillary,1,45,225.0,5.0,5.0,"Alere Medical Co., Ltd.",No,See ASN-31321 (ID#:30363),See ASN-31321 (ID#:30363),0.26
84209,104-CI-T30,FPQ-10633,SO-43320,DN-2967,Côte d'Ivoire,PMO - US,From RDC,N/A - From RDC,Truck,9/11/2012,N/A - From RDC,28-Feb-13,25-Jan-13,25-Jan-13,ARV,Adult,SCMS from RDC,"Lopinavir/Ritonavir 200/50mg [Aluvia], tablets, 120 Tabs",Lopinavir/Ritonavir,Aluvia,200/50mg,Tablet,120,17500,539350.0,30.82,0.26,ABBVIE Ludwigshafen Germany,Yes,6649,27350.2,756.17
22387,161-ZA-T30,FPQ-7175,SCMS-103390,ASN-12170,South Africa,PMO - US,Direct Drop,DDP,Ocean,3/10/2011,3/24/2011,10-Oct-11,3-Nov-11,3-Nov-11,ARV,Adult,Aurobindo Pharma Limited,"Efavirenz 600mg, tablets, 30 Tabs",Efavirenz,Generic,600mg,Tablet,30,64316,290065.16,4.51,0.15,"Aurobindo Unit III, India",Yes,5467,9323.3,478.61
42848,109-TZ-T30,FPQ-8332,SCMS-121380,ASN-13025,Tanzania,PMO - US,Direct Drop,FCA,Air,8/30/2011,9/9/2011,19-Jan-12,19-Jan-12,19-Jan-12,ARV,Pediatric,ABBVIE LOGISTICS (FORMERLY ABBOTT LOGISTICS BV),"Lopinavir/Ritonavir 100/25mg [Aluvia], tablets, 60 Tabs",Lopinavir/Ritonavir,Generic,100/25mg,Tablet,60,405,3122.55,7.71,0.13,ABBVIE Ludwigshafen Germany,Yes,75,1262.36,5.15
12058,109-TZ-T01,Pre-PQ Process,SO-306,DN-144,Tanzania,PMO - US,From RDC,N/A - From RDC,Air,Pre-PQ Process,N/A - From RDC,6-Jul-07,6-Jul-07,6-Jul-07,HRDT,HIV test,SCMS from RDC,"HIV 1/2, Uni-Gold HIV Kit, 20 Tests","HIV 1/2, Uni-Gold HIV Kit",Uni-Gold,,Test kit,20,100,3200.0,32.0,1.6,"Trinity Biotech, Plc",Yes,Weight Captured Separately,2297,
83606,109-TZ-T30,FPQ-9271,SO-41580,DN-2761,Tanzania,PMO - US,From RDC,N/A - From RDC,Truck,1/31/2012,N/A - From RDC,31-Aug-12,22-Aug-12,22-Aug-12,ARV,Adult,SCMS from RDC,"Lopinavir/Ritonavir 200/50mg, tablets, 120 Tabs",Lopinavir/Ritonavir,Generic,200/50mg,Tablet,120,25024,733453.44,29.31,0.24,Mylan (formerly Matrix) Nashik,Yes,30606,9601.38,1028.3
57977,106-HT-T30,FPQ-11442,SCMS-177180,ASN-18919,Haiti,PMO - US,Direct Drop,EXW,Ocean,1/30/2013,3/11/2013,7-Aug-13,7-Aug-13,7-Aug-13,ARV,Pediatric,Aurobindo Pharma Limited,"Abacavir 20mg/ml, oral solution w/syringe, Bottle, 240 ml",Abacavir,Generic,20mg/ml,Oral solution,240,675,4610.25,6.83,0.03,"Aurobindo Unit III, India",No,See ASN-18919 (ID#:14578),See ASN-18919 (ID#:14578),5.7
82972,200-ZW-T30,FPQ-6483,SO-38900,DN-2318,Zimbabwe,PMO - US,From RDC,N/A - From RDC,Truck,10/13/2010,N/A - From RDC,30-Sep-11,23-Sep-11,23-Sep-11,ARV,Pediatric,SCMS from RDC,"Didanosine 200mg, delayed-release capsules, 30 Caps",Didanosine,Generic,200mg,Delayed-release capsules,30,36,396.0,11.0,0.37,"Aurobindo Unit III, India",No,See DN-2318 (ID#:82971),See DN-2318 (ID#:82971),0.85
17447,104-CI-T30,FPQ-12714,SCMS-204990,ASN-22828,Côte d'Ivoire,PMO - US,Direct Drop,FCA,Air,7/30/2013,9/2/2013,29-Nov-13,29-Nov-13,2-Dec-13,ARV,Pediatric,ABBVIE LOGISTICS (FORMERLY ABBOTT LOGISTICS BV),"Lopinavir/Ritonavir 100/25mg [Aluvia], tablets, 60 Tabs",Lopinavir/Ritonavir,Generic,100/25mg,Tablet,60,7850,46629.0,5.94,0.1,ABBVIE Ludwigshafen Germany,Yes,909,6020.53,57.68
83461,113-ZW-T30,FPQ-4694,SO-35370,DN-2041,Zimbabwe,PMO - US,From RDC,N/A - From RDC,Truck,12/8/2009,N/A - From RDC,30-Nov-10,25-Nov-10,25-Nov-10,ARV,Adult,SCMS from RDC,"Efavirenz 600mg, tablets, 30 Tabs",Efavirenz,Generic,600mg,Tablet,30,5900,26668.0,4.52,0.15,"Aurobindo Unit III, India",Yes,12810,15919.75,57.5
85354,114-UG-T30,FPQ-11133,SO-43890,DN-3122,Uganda,PMO - US,From RDC,N/A - From RDC,Truck,12/13/2012,N/A - From RDC,7-Jun-13,7-Jun-13,7-Jun-13,ARV,Adult,SCMS from RDC,"Efavirenz 600mg, tablets, 30 Tabs",Efavirenz,Generic,600mg,Tablet,30,24912,82956.96,3.33,0.11,"Strides, Bangalore, India.",No,See DN-3122 (ID#:82570),See DN-3122 (ID#:82570),102.62
82562,103-SS-T30,FPQ-11489,SO-44620,DN-3080,South Sudan,PMO - US,From RDC,N/A - From RDC,Air,1/16/2013,N/A - From RDC,17-Apr-13,23-Apr-13,23-Apr-13,ARV,Pediatric,SCMS from RDC,"Lamivudine/Nevirapine/Zidovudine 30/50/60mg, dispersible tablets, 60 Tabs",Lamivudine/Nevirapine/Zidovudine,Generic,30/50/60mg,Chewable/dispersible tablet - FDC,60,549,2278.35,4.15,0.07,Mylan (formerly Matrix) Nashik,Yes,37,1198.68,2.82
86579,109-TZ-T30,FPQ-12015,SO-44991,DN-3208,Tanzania,PMO - US,From RDC,N/A - From RDC,Truck,4/2/2013,N/A - From RDC,27-Aug-13,24-Jul-13,24-Jul-13,ARV,Adult,SCMS from RDC,"Efavirenz/Emtricitabine/Tenofovir Disoproxil Fumarate 600/200/300mg, tablets, 30 Tabs",Efavirenz/Emtricitabine/Tenofovir Disoproxil Fumarate,Generic,600/200/300mg,Tablet - FDC,30,69963,906720.48,12.96,0.43,Mylan (formerly Matrix) Nashik,Yes,7819,7108.78,1121.61
84937,111-MZ-T30,FPQ-13123,SO-47092,DN-3752,Mozambique,PMO - US,From RDC,N/A - From RDC,Truck,10/21/2013,N/A - From RDC,31-Jul-14,25-Jul-14,5-Sep-14,ARV,Adult,SCMS from RDC,"Efavirenz 600mg, tablets, 30 Tabs",Efavirenz,Generic,600mg,Tablet,30,30000,96300.0,3.21,0.11,"Strides, Bangalore, India.",No,See DN-3752 (ID#:84373),See DN-3752 (ID#:84373),99.0
83495,109-TZ-T30,FPQ-7347,SO-39000,DN-2152,Tanzania,PMO - US,From RDC,N/A - From RDC,Air,3/7/2011,N/A - From RDC,7-Apr-11,28-Mar-11,28-Mar-11,ARV,Adult,SCMS from RDC,"Efavirenz 600mg, tablets, 30 Tabs",Efavirenz,Generic,600mg,Tablet,30,49000,206780.0,4.22,0.14,Mylan (formerly Matrix) Nashik,Yes,4030,15707.3,341.19
27049,105-GH-T30,FPQ-13809,SCMS-234100,ASN-27344,Ghana,PMO - US,Direct Drop,EXW,Air,3/7/2014,4/14/2014,8-Sep-14,8-Sep-14,10-Sep-14,ARV,Adult,HETERO LABS LIMITED,"Lamivudine/Tenofovir Disoproxil Fumarate 300/300mg, tablets, 30 Tabs",Lamivudine/Tenofovir Disoproxil Fumarate,Generic,300/300mg,Tablet - FDC,30,17447,80605.14,4.62,0.15,Hetero Unit III Hyderabad IN,Yes,1825,10790.63,82.86
76144,111-MZ-T30,FPQ-15324,SCMS-264780,ASN-30261,Mozambique,PMO - US,Direct Drop,EXW,Air,11/12/2014,11/19/2014,10-Feb-15,10-Feb-15,18-Feb-15,HRDT,HIV test,"Orgenics, Ltd","HIV 1/2, Determine Kit without Lancets, Buffer or Caplillary Tubes, 100 Tests","HIV 1/2, Determine Kit without Lancets, Buffer or Capillary Tubes, 100 Tests",Determine,,Test kit,100,18,1298.7,72.15,0.72,"Alere Medical Co., Ltd.",No,See ASN-30261 (ID#:19627),See ASN-30261 (ID#:19627),1.53
85390,101-CD-T30,FPQ-12088,SO-45030,DN-3269,"Congo, DRC",PMO - US,From RDC,N/A - From RDC,Air,4/12/2013,N/A - From RDC,28-Aug-13,8-Feb-14,11-Mar-14,ARV,Pediatric,SCMS from RDC,"Lamivudine/Zidovudine 30/60mg, tablets, 60 Tabs",Lamivudine/Zidovudine,Generic,30/60mg,Tablet - FDC,60,1413,3193.38,2.26,0.04,"Aurobindo Unit III, India",No,See DN-3269 (ID#:83711),See DN-3269 (ID#:83711),3.95
84311,113-ZW-T30,FPQ-11545,SO-44361,DN-3460,Zimbabwe,PMO - US,From RDC,N/A - From RDC,Truck,1/24/2013,N/A - From RDC,31-Dec-13,13-Jan-14,29-Jan-14,ARV,Adult,SCMS from RDC,"Lamivudine/Tenofovir Disoproxil Fumarate 300/300mg, tablets, 30 Tabs",Lamivudine/Tenofovir Disoproxil Fumarate,Generic,300/300mg,Tablet - FDC,30,39360,189321.6,4.81,0.16,Hetero Unit III Hyderabad IN,Yes,4174,10900,234.19
12557,104-CI-T01,Pre-PQ Process,SO-21840,DN-1120,Côte d'Ivoire,PMO - US,From RDC,N/A - From RDC,Air,Pre-PQ Process,N/A - From RDC,26-May-09,26-May-09,26-May-09,ARV,Pediatric,SCMS from RDC,"Lamivudine 10mg/ml, oral solution, Bottle, 240 ml",Lamivudine,Generic,10mg/ml,Oral solution,240,3060,5814.0,1.9,0.01,"Aurobindo Unit III, India",No,See DN-1120 (ID#:12556),See DN-1120 (ID#:12556),11.4
82276,123-NG-T30,FPQ-4395,SO-32971,DN-1519,Nigeria,PMO - US,From RDC,N/A - From RDC,Air Charter,7/27/2009,N/A - From RDC,18-Dec-09,18-Dec-09,18-Dec-09,ARV,Adult,SCMS from RDC,"Zidovudine 300mg, tablets, 60 Tabs",Zidovudine,Generic,300mg,Tablet,60,1697,12778.41,7.53,0.13,"Aurobindo Unit III, India",Yes,6725,33279.39,25.05
84668,110-ZM-T30,FPQ-7085,SO-38742,DN-2342,Zambia,PMO - US,From RDC,N/A - From RDC,Truck,2/3/2011,N/A - From RDC,29-Sep-11,26-Sep-11,26-Sep-11,ARV,Adult,SCMS from RDC,"Lamivudine/Zidovudine 150/300mg, tablets, 60 Tabs",Lamivudine/Zidovudine,Generic,150/300mg,Tablet - FDC,60,176308,1456304.08,8.26,0.14,"Aurobindo Unit VII, IN",Yes,17967,21180.7,2402.9
12323,104-CI-T01,Pre-PQ Process,SO-32830,DN-1451,Côte d'Ivoire,PMO - US,From RDC,N/A - From RDC,Air,Date Not Captured,N/A - From RDC,25-Aug-09,7-Oct-09,7-Oct-09,ARV,Pediatric,SCMS from RDC,"Nevirapine 10mg/ml, oral suspension, Bottle, 240 ml",Nevirapine,Generic,10mg/ml,Oral suspension,240,1547,2970.24,1.92,0.01,"Aurobindo Unit III, India",Yes,581,1234.9,5.82
29608,106-HT-T30,FPQ-4389,SCMS-58010,ASN-5820,Haiti,PMO - US,Direct Drop,CIP,Air,11/3/2009,11/24/2009,24-Feb-10,24-Feb-10,24-Feb-10,ARV,Pediatric,BRISTOL-MYERS SQUIBB,"Didanosine 50mg [Videx], chewable tablets, 60 Tabs",Didanosine,Videx,50mg,Chewable/dispersible tablet,60,40,380.0,9.5,0.16,"BMS Meymac, France",Yes,Weight Captured Separately,Freight Included in Commodity Cost,0.82
14240,105-SS-T30,FPQ-15569,SCMS-272160,ASN-31323,South Sudan,PMO - US,Direct Drop,EXW,Air,12/29/2014,2/20/2015,3-Jun-15,3-Jun-15,5-Jun-15,HRDT,HIV test,"Orgenics, Ltd","HIV 1/2, Determine Complete HIV Kit, 100 Tests","HIV 1/2, Determine Complete HIV Kit",Determine,,Test kit,100,70,6230.0,89.0,0.89,"Alere Medical Co., Ltd.",Yes,Weight Captured Separately,Invoiced Separately,7.33
2502,102-KE-T01,Pre-PQ Process,SCMS-42970,ASN-4098,Kenya,PMO - US,Direct Drop,EXW,Air,Pre-PQ Process,4/4/2009,18-Jun-09,18-Jun-09,18-Jun-09,HRDT,HIV test,"Trinity Biotech, Plc","HIV 1/2, Uni-Gold HIV Kit, 20 Tests","HIV 1/2, Uni-Gold HIV Kit",Uni-Gold,,Test kit,20,5,160.0,32.0,1.6,"Trinity Biotech, Plc",Yes,2,12561.4,0.31
1502,107-RW-T01,Pre-PQ Process,SCMS-13900,ASN-990,Rwanda,PMO - US,Direct Drop,EXW,Air,Pre-PQ Process,11/12/2007,28-Jan-08,28-Jan-08,28-Jan-08,ARV,Adult,ASPEN PHARMACARE,"Tenofovir Disoproxil Fumarate 300mg [Viread], tablets, 30 Tabs",Tenofovir Disoproxil Fumarate,Viread,300mg,Tablet,30,1609,27353.0,17.0,0.57,"Aspen-OSD, Port Elizabeth, SA",Yes,157,7922.24,43.76
54579,116-ZA-T30,FPQ-11828,SCMS-183950,ASN-19166,South Africa,South Africa Field Office,Direct Drop,DDP,Truck,3/18/2013,Date Not Captured,16-Apr-13,16-Apr-13,16-Apr-13,ARV,Adult,S. BUYS WHOLESALER,"Lamivudine 150mg [Epivir], tablets, 60 Tabs",Lamivudine,Epivir,150mg,Tablet,60,1021,7656.67,7.5,0.12,GSK Ware (UK),No,Weight Captured Separately,Freight Included in Commodity Cost,9.47
41232,106-HT-T30,FPQ-14083,SCMS-240170,ASN-27004,Haiti,PMO - US,Direct Drop,EXW,Air,5/11/2014,6/2/2014,25-Aug-14,25-Aug-14,28-Aug-14,ARV,Adult,HETERO LABS LIMITED,"Nevirapine 200mg, tablets, 60 Tabs",Nevirapine,Generic,200mg,Tablet,60,10050,21909.0,2.18,0.04,Hetero Unit III Hyderabad IN,Yes,659,5586.53,22.52
86479,113-ZW-T30,FPQ-8464,SO-40881,DN-2683,Zimbabwe,PMO - US,From RDC,N/A - From RDC,Truck,10/4/2011,N/A - From RDC,14-Aug-12,27-Jun-12,27-Jun-12,ARV,Adult,SCMS from RDC,"Lamivudine/Nevirapine/Stavudine 150/200/30mg, tablets, 60 Tabs",Lamivudine/Nevirapine/Stavudine,Generic,150/200/30mg,Tablet - FDC,60,66980,314806.0,4.7,0.08,"Strides, Bangalore, India.",Yes,1838,5530.11,519.43
31941,108-VN-T30,FPQ-12051,SCMS-190500,ASN-21652,Vietnam,PMO - US,Direct Drop,EXW,Air,5/3/2013,5/21/2013,24-Sep-13,24-Sep-13,24-Sep-13,ARV,Adult,HETERO LABS LIMITED,"Efavirenz 600mg, tablets, 30 Tabs",Efavirenz,Generic,600mg,Tablet,30,27186,88082.64,3.24,0.11,"Hetero, Jadcherla, unit 5, IN",Yes,2321,3353.3,108.96
82946,200-ZW-T30,FPQ-6483,SO-39280,DN-2179,Zimbabwe,PMO - US,From RDC,N/A - From RDC,Truck,10/13/2010,N/A - From RDC,4-Apr-11,20-May-11,20-May-11,ARV,Pediatric,SCMS from RDC,"Lamivudine/Stavudine 30/6mg, dispersible tablets, 60 Tabs",Lamivudine/Stavudine,Generic,30/6mg,Chewable/dispersible tablet - FDC,60,3453,6560.7,1.9,0.03,"Cipla, Goa, India",Yes,687,3403.99,14.14
81050,114-UG-T30,FPQ-12477,SCMS-198701,ASN-21881,Uganda,PMO - US,Direct Drop,EXW,Ocean,7/8/2013,9/10/2013,7-Nov-13,7-Nov-13,13-Nov-13,ARV,Adult,STRIDES ARCOLAB LIMITED,"Efavirenz 600mg, tablets, 30 Tabs",Efavirenz,Generic,600mg,Tablet,30,63652,203049.88,3.19,0.11,"Strides, Bangalore, India.",Yes,3963,12961.76,251.17
46464,104-CI-T30,FPQ-8210,SCMS-124150,ASN-13582,Côte d'Ivoire,PMO - US,Direct Drop,EXW,Air,8/11/2011,10/5/2011,17-Feb-12,17-Feb-12,17-Feb-12,HRDT,HIV test,"Orgenics, Ltd","HIV 1/2, Determine Complete HIV Kit, 100 Tests","HIV 1/2, Determine Complete HIV Kit",Determine,,Test kit,100,2746,219680.0,80.0,0.8,"Alere Medical Co., Ltd.",Yes,1312,27254.17,362.47
11531,110-ZM-T01,Pre-PQ Process,SO-1895,DN-824,Zambia,PMO - US,From RDC,N/A - From RDC,Truck,Pre-PQ Process,N/A - From RDC,23-Jul-08,23-Jul-08,23-Jul-08,ARV,Adult,SCMS from RDC,"Efavirenz 600mg, tablets, 30 Tabs",Efavirenz,Generic,600mg,Tablet,30,45000,540450.0,12.01,0.4,Mylan (formerly Matrix) Nashik,Yes,3457,1934.31,864.72
7991,102-NG-T01,Pre-PQ Process,SCMS-344,ASN-280,Nigeria,PMO - US,Direct Drop,EXW,Air,Pre-PQ Process,Date Not Captured,15-Mar-07,15-Mar-07,15-Mar-07,HRDT,HIV test,"CHEMBIO DIAGNOSTIC SYSTEMS, INC.","HIV 1/2, Stat-Pak HIV, Kit, 20 Tests","HIV 1/2, Stat-Pak HIV, Kit",Stat-Pak,,Test kit,20,5004,135108.0,27.0,1.35,Chembio Diagnostics Sys. Inc.,Yes,1531,11731.15,
86014,113-ZW-T30,FPQ-12260,SO-45340,DN-3405,Zimbabwe,PMO - US,From RDC,N/A - From RDC,Truck,5/6/2013,N/A - From RDC,30-Nov-13,25-Nov-13,9-Dec-13,ARV,Adult,SCMS from RDC,"Efavirenz/Lamivudine/Tenofovir Disoproxil Fumarate 600/300/300mg, tablets, 30 Tabs",Efavirenz/Lamivudine/Tenofovir Disoproxil Fumarate,Generic,600/300/300mg,Tablet - FDC,30,37696,420310.4,11.15,0.37,Hetero Unit III Hyderabad IN,Yes,5093,10942.89,519.92
85661,151-NG-T30,FPQ-4537,SO-35074,DN-1689,Nigeria,PMO - US,From RDC,N/A - From RDC,Air Charter,11/6/2009,N/A - From RDC,19-Apr-10,31-Mar-10,31-Mar-10,ARV,Adult,SCMS from RDC,"Emtricitabine/Tenofovir Disoproxil Fumarate 200/300mg, tablets, 30 Tabs",Emtricitabine/Tenofovir Disoproxil Fumarate,Generic,200/300mg,Tablet - FDC,30,5000,58750.0,11.75,0.39,Mylan (formerly Matrix) Nashik,Yes,404,Freight Included in Commodity Cost,126.66
16619,110-ZM-T30,FPQ-13084,SCMS-211070,ASN-23340,Zambia,PMO - US,Direct Drop,EXW,Air,10/11/2013,10/21/2013,23-Dec-13,23-Dec-13,9-Apr-14,ARV,Adult,Aurobindo Pharma Limited,"Lamivudine 150mg, tablets, 60 Tabs",Lamivudine,Generic,150mg,Tablet,60,20000,43000.0,2.15,0.04,"Aurobindo Unit III, India",Yes,1044,5145.69,44.2
28577,109-TZ-T30,FPQ-6203,SCMS-82760,ASN-8626,Tanzania,PMO - US,Direct Drop,EXW,Air,8/18/2010,8/25/2010,6-Dec-10,6-Dec-10,6-Dec-10,ARV,Adult,MYLAN LABORATORIES LTD (FORMERLY MATRIX LABORATORIES),"Efavirenz/Emtricitabine/Tenofovir Disoproxil Fumarate 600/200/300mg, tablets, 30 Tabs",Efavirenz/Emtricitabine/Tenofovir Disoproxil Fumarate,Generic,600/200/300mg,Tablet - FDC,30,53149,1057665.1,19.9,0.66,Mylan (formerly Matrix) Nashik,Yes,5808,28514.49,2280.33
50309,114-UG-T30,FPQ-11153,SCMS-177120,ASN-18910,Uganda,PMO - US,Direct Drop,EXW,Air,12/13/2012,2/7/2013,10-Apr-13,10-Apr-13,10-Apr-13,ARV,Pediatric,MICRO LABS LIMITED,"Efavirenz 50mg, capsule, 30 Caps",Efavirenz,Generic,50mg,Capsule,30,168,336.0,2.0,0.07,"Micro labs, Verna, Goa, India",Yes,8,1021.34,0.42
23831,106-HT-T30,FPQ-13494,SCMS-225420,ASN-24982,Haiti,PMO - US,Direct Drop,EXW,Air,1/21/2014,2/19/2014,14-Apr-14,14-Apr-14,16-Apr-14,HRDT,HIV test,"SHANGHAI KEHUA BIOENGINEERING CO.,LTD.  (KHB)","HIV 1/2, SKB Colloidal Gold, Diagnostic Kit, Antibody, 50 Tests","HIV 1/2, Colloidal Gold, Diagnostic Kit, Antibody",Colloidal Gold,,Test kit,1,350,8575.0,24.5,24.5,"KHB Test Kit Facility, Shanghai China",Yes,240,3126.61,8.82
85247,113-ZW-T30,FPQ-8464,SO-40850,DN-2605,Zimbabwe,PMO - US,From RDC,N/A - From RDC,Truck,10/4/2011,N/A - From RDC,13-Apr-12,10-Apr-12,10-Apr-12,ARV,Adult,SCMS from RDC,"Lamivudine/Tenofovir Disoproxil Fumarate 300/300mg, tablets, 30 Tabs",Lamivudine/Tenofovir Disoproxil Fumarate,Generic,300/300mg,Tablet - FDC,30,78082,474738.56,6.08,0.2,Mylan (formerly Matrix) Nashik,No,See DN-2605 (ID#:82467),See DN-2605 (ID#:82467),783.32
12736,104-CI-T01,Pre-PQ Process,SO-1546,DN-609,Côte d'Ivoire,PMO - US,From RDC,N/A - From RDC,Air,Pre-PQ Process,N/A - From RDC,19-Feb-08,19-Feb-08,19-Feb-08,ARV,Adult,SCMS from RDC,"Lamivudine/Stavudine 150/30mg, tablets, 30 Tabs",Lamivudine/Stavudine,Generic,150/30mg,Tablet - FDC,30,44000,88000.0,2.0,0.07,"Cipla, Goa, India",No,See DN-609 (ID#:11480),See DN-609 (ID#:11480),140.8
82325,110-ZM-T30,FPQ-4273,SO-33701,DN-1866,Zambia,PMO - US,From RDC,N/A - From RDC,Truck,9/17/2009,N/A - From RDC,30-Jun-10,29-Jun-10,29-Jun-10,ARV,Adult,SCMS from RDC,"Lamivudine/Zidovudine 150/300mg, tablets, 60 Tabs",Lamivudine/Zidovudine,Generic,150/300mg,Tablet - FDC,60,22560,197625.6,8.76,0.15,Hetero Unit III Hyderabad IN,Yes,1928,11054.56,387.35
35896,108-VN-T30,FPQ-12051,SCMS-188670,ASN-23622,Vietnam,PMO - US,Direct Drop,EXW,Air,5/3/2013,5/17/2013,22-Jan-14,22-Jan-14,22-Jan-14,ARV,Adult,Aurobindo Pharma Limited,"Lamivudine/Nevirapine/Zidovudine 150/200/300mg, tablets, 60 Tabs",Lamivudine/Nevirapine/Zidovudine,Generic,150/300/200mg,Tablet - FDC,60,26598,216773.7,8.15,0.14,"Aurobindo Unit III, India",Yes,3301,5764.28,268.15
79597,133-NG-T30,FPQ-14305,SCMS-240830,ASN-27470,Nigeria,PMO - US,Direct Drop,EXW,Air,5/16/2014,6/2/2014,19-Aug-14,2-Sep-14,4-Sep-14,HRDT,HIV test,"Orgenics, Ltd","HIV 1/2, Determine Complete HIV Kit, 100 Tests","HIV 1/2, Determine Complete HIV Kit",Determine,,Test kit,100,5905,525545.0,89.0,0.89,"Alere Medical Co., Ltd.",Yes,2402,35747.28,540.26
58494,114-UG-T30,FPQ-10787,SCMS-163460,ASN-17750,Uganda,PMO - US,Direct Drop,EXW,Air,10/10/2012,10/25/2012,21-Jan-13,21-Jan-13,21-Jan-13,ARV,Adult,MYLAN LABORATORIES LTD (FORMERLY MATRIX LABORATORIES),"Atazanavir/Ritonavir 300/100mg, tablets, 30 Tabs",Atazanavir/Ritonavir,Generic,300/100mg,Tablet,30,1455,32737.5,22.5,0.75,Mylan (formerly Matrix) Nashik,No,See ASN-17750 (ID#:36539),See ASN-17750 (ID#:36539),40.5
82984,113-ZW-T30,FPQ-7934,SO-40282,DN-2384,Zimbabwe,PMO - US,From RDC,N/A - From RDC,Truck,6/28/2011,N/A - From RDC,25-Oct-11,21-Oct-11,21-Oct-11,ARV,Adult,SCMS from RDC,"Efavirenz 600mg, tablets, 30 Tabs",Efavirenz,Generic,600mg,Tablet,30,4200,17724.0,4.22,0.14,"Strides, Bangalore, India.",Yes,257,320.43,29.24
11350,111-MZ-T01,Pre-PQ Process,SO-32560,DN-1395,Mozambique,PMO - US,From RDC,N/A - From RDC,Truck,Date Not Captured,N/A - From RDC,7-Oct-09,7-Oct-09,7-Oct-09,ARV,Adult,SCMS from RDC,"Efavirenz 600mg, tablets, 30 Tabs",Efavirenz,Generic,600mg,Tablet,30,8438,82017.36,9.72,0.32,"Aurobindo Unit III, India",Yes,1404,1588.05,160.75
84450,104-CI-T30,FPQ-14370,SO-49080,DN-4137,Côte d'Ivoire,PMO - US,From RDC,N/A - From RDC,Truck,5/23/2014,N/A - From RDC,27-Feb-15,11-Mar-15,30-Mar-15,ARV,Adult,SCMS from RDC,"Lamivudine/Zidovudine 150/300mg, tablets, 60 Tabs",Lamivudine/Zidovudine,Generic,150/300mg,Tablet - FDC,60,5,32.6,6.52,0.11,"Aurobindo Unit III, India",Yes,1683,6443.5,0.03
11275,104-CI-T01,Pre-PQ Process,SO-19320,DN-1030,Côte d'Ivoire,PMO - US,From RDC,N/A - From RDC,Air,Pre-PQ Process,N/A - From RDC,19-Dec-08,19-Dec-08,19-Dec-08,ARV,Adult,SCMS from RDC,"Lamivudine/Zidovudine 150/300mg, tablets, 60 Tabs",Lamivudine/Zidovudine,Generic,150/300mg,Tablet - FDC,60,6786,63449.1,9.35,0.16,"Aurobindo Unit III, India",Yes,620,2739.3,124.36
7008,116-ZA-T01,Pre-PQ Process,SCMS-19800,ASN-1665,South Africa,PMO - US,Direct Drop,DDP,Truck,Pre-PQ Process,2/20/2008,24-Apr-08,24-Apr-08,24-Apr-08,ARV,Pediatric,S. BUYS WHOLESALER,"Lopinavir/Ritonavir 80/20mg/ml [Kaletra], oral solution, cool, Bottle 5 x 60 ml",Lopinavir/Ritonavir,Kaletra,80/20mg/ml,Oral solution,300,10,394.0,39.4,0.13,ABBVIE (Abbott) Logis. UK,No,Weight Captured Separately,Freight Included in Commodity Cost,0.63
82566,105-GY-T30,FPQ-11546,SO-44500,DN-3099,Guyana,PMO - US,From RDC,N/A - From RDC,Air,1/28/2013,N/A - From RDC,18-Apr-13,19-Apr-13,19-Apr-13,ARV,Adult,SCMS from RDC,"Zidovudine 300mg, tablets, 60 Tabs",Zidovudine,Generic,300mg,Tablet,60,1927,13026.52,6.76,0.11,"Aurobindo Unit III, India",Yes,466,5724.4,16.11
69952,151-NG-T30,FPQ-15059,SCMS-260990,ASN-32010,Nigeria,PMO - US,Direct Drop,FCA,Air,10/8/2014,10/23/2014,2-Jun-15,2-Jun-15,3-Jun-15,ARV,Pediatric,ABBVIE LOGISTICS (FORMERLY ABBOTT LOGISTICS BV),"Lopinavir/Ritonavir 80/20mg/ml [Kaletra], oral solution, cool, Bottle 5 x 60 ml",Lopinavir/Ritonavir,Kaletra,80/20mg/ml,Oral solution,300,789,24316.98,30.82,0.1,ABBVIE (Abbott) Logis. UK,Yes,794,5808.69,25.0
82499,113-ZW-T30,FPQ-8464,SO-40900,DN-2804,Zimbabwe,PMO - US,From RDC,N/A - From RDC,Truck,10/4/2011,N/A - From RDC,11-Dec-12,4-Sep-12,4-Sep-12,ARV,Adult,SCMS from RDC,"Lamivudine/Tenofovir Disoproxil Fumarate 300/300mg, tablets, 30 Tabs",Lamivudine/Tenofovir Disoproxil Fumarate,Generic,300/300mg,Tablet - FDC,30,44881,240562.16,5.36,0.18,Mylan (formerly Matrix) Nashik,Yes,7191,6014.22,396.93
85906,900-CM-T30,FPQ-10641,SO-43390,DN-2886,Cameroon,PMO - US,From RDC,N/A - From RDC,Air Charter,9/19/2012,N/A - From RDC,24-Oct-12,17-Oct-12,17-Oct-12,ARV,Adult,SCMS from RDC,"Nevirapine 200mg, tablets, 60 Tabs",Nevirapine,Generic,200mg,Tablet,60,88208,213463.36,2.42,0.04,"Strides, Bangalore, India.",No,See DN-2886 (ID#:82519),See DN-2886 (ID#:82519),299.28
38504,102-SD-T30,FPQ-8261,SCMS-120473,ASN-13349,Sudan,PMO - US,Direct Drop,EXW,Air,8/29/2011,9/7/2011,7-Feb-12,7-Feb-12,7-Feb-12,HRDT,HIV test,"Trinity Biotech, Plc","HIV 1/2, Uni-Gold HIV Kit, 20 Tests","HIV 1/2, Uni-Gold HIV Kit",Uni-Gold,,Test kit,20,10,320.0,32.0,1.6,"Trinity Biotech, Plc",Yes,4,593.8,0.53
75581,108-VN-T30,FPQ-5094,SCMS-68480,ASN-7488,Vietnam,PMO - US,Direct Drop,EXW,Air,3/15/2010,3/24/2010,3-Aug-10,3-Aug-10,3-Aug-10,ARV,Adult,STRIDES ARCOLAB LIMITED,"Lamivudine 150mg, tablets, 60 Tabs",Lamivudine,Generic,150mg,Tablet,60,8738,20534.3,2.35,0.04,"Strides, Bangalore, India.",Yes,420,6683.69,44.27
82938,111-MZ-T30,FPQ-6981,SO-38370,DN-2119,Mozambique,PMO - US,From RDC,N/A - From RDC,Truck,1/6/2011,N/A - From RDC,31-Mar-11,30-Mar-11,30-Mar-11,ARV,Pediatric,SCMS from RDC,"Zidovudine 10mg/ml, oral solution w/syringe, Bottle, 240 ml",Zidovudine,Generic,10mg/ml,Oral solution,240,2823,5928.3,2.1,0.01,"Aurobindo Unit III, India",Yes,1098,3567.53,9.78
83662,106-HT-T30,FPQ-11281,SO-44400,DN-3015,Haiti,PMO - US,From RDC,N/A - From RDC,Air,1/16/2013,N/A - From RDC,9-Apr-13,14-Mar-13,14-Mar-13,ARV,Pediatric,SCMS from RDC,"Nevirapine 10mg/ml, oral suspension w/syringe, Bottle, 240 ml",Nevirapine,Generic,10mg/ml,Oral suspension,240,1716,3346.2,1.95,0.01,"Aurobindo Unit III, India",No,See DN-3015 (ID#:82554),See DN-3015 (ID#:82554),4.14
74993,116-ZA-T30,FPQ-14942,SCMS-259074,ASN-31069,South Africa,PMO - US,Direct Drop,DDP,Truck,9/11/2014,3/9/2015,9-Mar-15,9-Mar-15,9-Mar-15,ARV,Adult,PHARMACY DIRECT,"Etravirine 100mg [Intelence], tablets, 120 Tabs",Etravirine,Intelence,100mg,Tablet,120,41,1049.33,25.59,0.21,"Janssen-Cilag, Latina, IT",No,Weight Captured Separately,Freight Included in Commodity Cost,1.08
84853,111-MZ-T30,FPQ-11884,SO-44865,DN-3318,Mozambique,PMO - US,From RDC,N/A - From RDC,Truck,3/19/2013,N/A - From RDC,31-Oct-13,31-Oct-13,12-Nov-13,ARV,Adult,SCMS from RDC,"Lamivudine/Nevirapine/Stavudine 150/200/30mg, tablets, 60 Tabs",Lamivudine/Nevirapine/Stavudine,Generic,150/200/30mg,Tablet - FDC,60,87707,378894.24,4.32,0.07,"Strides, Bangalore, India.",No,See DN-3318 (ID#:83716),See DN-3318 (ID#:83716),468.69
5821,106-HT-T01,Pre-PQ Process,SCMS-24010,ASN-3087,Haiti,PMO - US,Direct Drop,CIP,Air,Pre-PQ Process,5/23/2008,14-Jan-09,14-Jan-09,14-Jan-09,HRDT,HIV test,Orasure Technologies Inc.,"HIV 1/2, OraQuick Advance HIV Rapid Antibody Kit, 100 Tests","HIV 1/2, OraQuick Advance HIV Rapid Antibody Kit",OraQuick,,Test kit,100,28,9800.0,350.0,3.5,"Pacific Biotech, Thailand",Yes,Weight Captured Separately,Freight Included in Commodity Cost,19.21
82839,154-NG-T30,FPQ-3815,SO-32273,DN-1333,Nigeria,PMO - US,From RDC,N/A - From RDC,Air,5/26/2009,N/A - From RDC,17-Sep-09,14-Sep-09,14-Sep-09,ARV,Adult,SCMS from RDC,"Lamivudine/Nevirapine/Stavudine 150/200/30mg, tablets, 60 Tabs",Lamivudine/Nevirapine/Stavudine,Generic,150/200/30mg,Tablet - FDC,60,50,350.0,7.0,0.12,"Strides, Bangalore, India.",Yes,35,1567.51,0.69
12525,110-ZM-T01,Pre-PQ Process,SO-2494,DN-1005,Zambia,PMO - US,From RDC,N/A - From RDC,Truck,Pre-PQ Process,N/A - From RDC,1-Dec-08,1-Dec-08,1-Dec-08,ARV,Adult,SCMS from RDC,"Nevirapine 200mg, tablets, 60 Tabs",Nevirapine,Generic,200mg,Tablet,60,50000,170000.0,3.4,0.06,Hetero Unit III Hyderabad IN,Yes,2809,3629.37,333.2
12433,104-CI-T01,Pre-PQ Process,SO-1101,DN-434,Côte d'Ivoire,PMO - US,From RDC,N/A - From RDC,Air,Pre-PQ Process,N/A - From RDC,22-Nov-07,22-Nov-07,22-Nov-07,ARV,Adult,SCMS from RDC,"Efavirenz 600mg, tablets, 30 Tabs",Efavirenz,Generic,600mg,Tablet,30,34020,422528.4,12.42,0.41,"Strides, Bangalore, India.",No,See DN-434 (ID#:11483),See DN-434 (ID#:11483),676.05
12195,109-TZ-T01,Pre-PQ Process,SO-1652,DN-637,Tanzania,PMO - US,From RDC,N/A - From RDC,Air,Pre-PQ Process,N/A - From RDC,28-Mar-08,28-Mar-08,28-Mar-08,ARV,Adult,SCMS from RDC,"Efavirenz 600mg, tablets, 30 Tabs",Efavirenz,Generic,600mg,Tablet,30,17000,211140.0,12.42,0.41,"Aurobindo Unit III, India",Yes,6007,20395.6,337.82
85003,114-UG-T30,FPQ-14396,SO-48993,DN-4041,Uganda,PMO - US,From RDC,N/A - From RDC,Truck,6/4/2014,N/A - From RDC,16-Feb-15,24-Jan-15,3-Feb-15,ARV,Adult,SCMS from RDC,"Lopinavir/Ritonavir 200/50mg [Aluvia], tablets, 120 Tabs",Lopinavir/Ritonavir,Aluvia,200/50mg,Tablet,120,3663,69230.7,18.9,0.16,ABBVIE Ludwigshafen Germany,No,See DN-4041 (ID#:83291),See DN-4041 (ID#:83291),71.17
84631,104-CI-T30,FPQ-6144,SO-38480,DN-2138,Côte d'Ivoire,PMO - US,From RDC,N/A - From RDC,Air,8/3/2010,N/A - From RDC,15-Mar-11,29-Mar-11,29-Mar-11,ARV,Adult,SCMS from RDC,"Lamivudine/Zidovudine 150/300mg, tablets, 60 Tabs",Lamivudine/Zidovudine,Generic,150/300mg,Tablet - FDC,60,15621,133559.55,8.55,0.14,Hetero Unit III Hyderabad IN,No,See DN-2138 (ID#:83491),See DN-2138 (ID#:83491),287.95
82597,109-TZ-T30,FPQ-11393,SO-44385,DN-3278,Tanzania,PMO - US,From RDC,N/A - From RDC,Truck,12/30/2012,N/A - From RDC,30-Jul-13,15-Aug-13,15-Aug-13,ARV,Pediatric,SCMS from RDC,"Efavirenz 200mg, scored tablets, 90 Tabs",Efavirenz,Generic,200mg,Tablet,90,6823,49807.9,7.3,0.08,"Strides, Bangalore, India.",Yes,428,2376,61.61
11881,104-CI-T01,Pre-PQ Process,SO-2044,DN-734,Côte d'Ivoire,PMO - US,From RDC,N/A - From RDC,Air,Pre-PQ Process,N/A - From RDC,2-Jun-08,2-Jun-08,2-Jun-08,ARV,Pediatric,SCMS from RDC,"Stavudine 1mg/ml, powder for oral solution, 200 ml",Stavudine,Generic,1mg/ml,Oral solution,200,3229,4520.6,1.4,0.01,"Aurobindo Unit III, India",No,See DN-734 (ID#:10689),See DN-734 (ID#:10689),7.23
76226,106-HT-T30,FPQ-11443,SCMS-180970,ASN-20026,Haiti,PMO - US,Direct Drop,EXW,Ocean,2/7/2013,3/26/2013,2-Sep-13,2-Sep-13,2-Sep-13,ARV,Adult,HETERO LABS LIMITED,"Efavirenz/Lamivudine/Tenofovir Disoproxil Fumarate 600/300/300mg, tablets, 30 Tabs",Efavirenz/Lamivudine/Tenofovir Disoproxil Fumarate,Generic,600/300/300mg,Tablet - FDC,30,48150,505575.0,10.5,0.35,Hetero Unit III Hyderabad IN,No,See ASN-20026 (ID#:64635),See ASN-20026 (ID#:64635),625.4
61274,116-ZA-T30,FPQ-14942,SCMS-259075,ASN-32138,South Africa,PMO - US,Direct Drop,DDP,Truck,9/11/2014,5/11/2015,12-May-15,12-May-15,12-May-15,ARV,Adult,PHARMACY DIRECT,"Zidovudine 300mg, tablets, 60 Tabs",Zidovudine,Generic,300mg,Tablet,60,3,54.1,18.03,0.3,"Aurobindo Unit III, India",No,Weight Captured Separately,Freight Included in Commodity Cost,0.06
10721,131-NG-T01,Pre-PQ Process,SO-10821,DN-919,Nigeria,PMO - US,From RDC,N/A - From RDC,Air,Pre-PQ Process,N/A - From RDC,28-Sep-08,28-Sep-08,28-Sep-08,ARV,Adult,SCMS from RDC,"Efavirenz/Emtricitabine/Tenofovir Disoproxil Fumarate 600/200/300mg [Atripla], tablets, 30 Tabs",Efavirenz/Emtricitabine/Tenofovir Disoproxil Fumarate,Atripla,600/200/300mg,Tablet - FDC,30,1000,50400.0,50.4,1.68,"MSD, Haarlem, NL",Yes,108,13353.34,80.64
80892,116-ZA-T30,FPQ-4054,SCMS-51250,ASN-5056,South Africa,PMO - US,Direct Drop,DDP,Truck,7/29/2009,8/7/2009,24-Aug-09,24-Aug-09,24-Aug-09,ARV,Pediatric,S. BUYS WHOLESALER,"Efavirenz 50mg, capsule, 30 Caps",Efavirenz,Generic,50mg,Capsule,30,300,1213.12,4.04,0.13,"Aurobindo Unit III, India",No,Weight Captured Separately,Freight Included in Commodity Cost,2.38
27238,102-SD-T30,FPQ-8261,SCMS-120470,ASN-13278,Sudan,PMO - US,Direct Drop,EXW,Air,8/29/2011,9/7/2011,7-Feb-12,7-Feb-12,7-Feb-12,HRDT,HIV test,"Trinity Biotech, Plc","HIV 1/2, Uni-Gold HIV Kit, 20 Tests","HIV 1/2, Uni-Gold HIV Kit",Uni-Gold,,Test kit,20,53,1696.0,32.0,1.6,"Trinity Biotech, Plc",Yes,18,569.11,2.8
11864,110-ZM-T01,Pre-PQ Process,SO-2475,DN-749,Zambia,PMO - US,From RDC,N/A - From RDC,Air,Pre-PQ Process,N/A - From RDC,29-May-08,29-May-08,29-May-08,ARV,Adult,SCMS from RDC,"Nevirapine 200mg, tablets, 60 Tabs",Nevirapine,Generic,200mg,Tablet,60,50000,170000.0,3.4,0.06,"Aurobindo Unit III, India",Yes,4733,6002.19,272.0
55253,161-ZA-T30,FPQ-5303,SCMS-68981,ASN-8442,South Africa,PMO - US,Direct Drop,DDP,Air,3/18/2010,3/19/2010,8-Dec-10,8-Dec-10,8-Dec-10,ARV,Adult,Aurobindo Pharma Limited,"Nevirapine 200mg, tablets, 60 Tabs",Nevirapine,Generic,200mg,Tablet,60,26400,77088.0,2.92,0.05,"Aurobindo Unit III, India",Yes,3113,5159.33,166.2
71411,113-ZW-T30,FPQ-11161,SCMS-170110,ASN-18271,Zimbabwe,PMO - US,Direct Drop,EXW,Air,12/12/2012,12/26/2012,15-Mar-13,15-Mar-13,15-Mar-13,HRDT,HIV test,Premier Medical Corporation Ltd.,"HIV 1/2/O, First Response HIV 1-2.0, v.3.0 Cards Kit, 30 Tests","HIV 1/2/O, First Response HIV 1-2.0, v.3.0 Cards Kit",First Response,,Test kit,30,8000,180000.0,22.5,0.75,Premier Med. Corp Ltd. India,Yes,2460,13380.07,222.66
7172,130-NG-T01,Pre-PQ Process,SCMS-24590,ASN-2024,Nigeria,PMO - US,Direct Drop,EXW,Air,Pre-PQ Process,6/2/2008,31-Jul-08,31-Jul-08,31-Jul-08,ANTM,Malaria,IDA FOUNDATION,"Sulfadoxine/Pyrimethamine 500/25mg, tablets, 1000 Tabs",Sulfadoxine/Pyrimethamine,Generic,500/25mg,Tablet - FDC,1000,20,527.0,26.35,0.03,"Micro Labs Ltd. (Brown & Burk), India",Yes,1920,20134.43,0.84
11333,123-NG-T01,Pre-PQ Process,SO-24483,DN-1295,Nigeria,PMO - US,From RDC,N/A - From RDC,Air Charter,Pre-PQ Process,N/A - From RDC,16-Jun-09,16-Jun-09,16-Jun-09,ARV,Adult,SCMS from RDC,"Lamivudine/Nevirapine/Stavudine 150/200/30mg, tablets, 60 Tabs",Lamivudine/Nevirapine/Stavudine,Generic,150/200/30mg,Tablet - FDC,60,40000,284800.0,7.12,0.12,"Strides, Bangalore, India.",Yes,2970,7329.83,558.21
84654,111-MZ-T30,FPQ-7053,SO-39820,DN-2242,Mozambique,PMO - US,From RDC,N/A - From RDC,Truck,1/24/2011,N/A - From RDC,10-Aug-11,4-Aug-11,4-Aug-11,ARV,Pediatric,SCMS from RDC,"Nevirapine 10mg/ml, oral suspension w/syringe, Bottle, 240 ml",Nevirapine,Generic,10mg/ml,Oral suspension,240,14000,27300.0,1.95,0.01,"Aurobindo Unit III, India",Yes,14413,5491.01,45.04
58918,116-ZA-T30,FPQ-4054,SCMS-51250,ASN-5056,South Africa,PMO - US,Direct Drop,DDP,Truck,7/29/2009,8/7/2009,24-Aug-09,24-Aug-09,24-Aug-09,ARV,Adult,S. BUYS WHOLESALER,"Lamivudine 150mg [Epivir], tablets, 60 Tabs",Lamivudine,Epivir,150mg,Tablet,60,3000,19702.5,6.57,0.11,GSK Cape Town Factory (South Africa),No,Weight Captured Separately,Freight Included in Commodity Cost,38.62
86558,113-ZW-T30,FPQ-10632,SO-43213,DN-3083,Zimbabwe,PMO - US,From RDC,N/A - From RDC,Truck,9/11/2012,N/A - From RDC,15-Apr-13,8-Apr-13,8-Apr-13,ARV,Adult,SCMS from RDC,"Lamivudine/Tenofovir Disoproxil Fumarate 300/300mg, tablets, 30 Tabs",Lamivudine/Tenofovir Disoproxil Fumarate,Generic,300/300mg,Tablet - FDC,30,138974,653177.8,4.7,0.16,Hetero Unit III Hyderabad IN,Yes,14845,14451.68,915.76
11598,111-MZ-T01,Pre-PQ Process,SO-2424,DN-850,Mozambique,PMO - US,From RDC,N/A - From RDC,Air,Pre-PQ Process,N/A - From RDC,5-Sep-08,5-Sep-08,5-Sep-08,ARV,Adult,SCMS from RDC,"Lamivudine/Stavudine 150/30mg, tablets, 30 Tabs",Lamivudine/Stavudine,Generic,150/30mg,Tablet - FDC,30,10000,20000.0,2.0,0.07,"Cipla, Goa, India",No,See DN-850 (ID#:10733),See DN-850 (ID#:10733),32.0
82629,106-HT-T30,FPQ-12674,SO-46240,DN-3467,Haiti,PMO - US,From RDC,N/A - From RDC,Air,8/21/2013,N/A - From RDC,31-Jan-14,7-Feb-14,24-Feb-14,ARV,Pediatric,SCMS from RDC,"Lamivudine/Stavudine 30/6mg, dispersible tablets, 60 Tabs",Lamivudine/Stavudine,Generic,30/6mg,Chewable/dispersible tablet - FDC,60,58,110.2,1.9,0.03,"Cipla, Goa, India",Yes,Weight Captured Separately,Invoiced Separately,0.14
77044,116-ZA-T30,FPQ-14942,SCMS-259073,ASN-30671,South Africa,PMO - US,Direct Drop,DDP,Truck,9/11/2014,2/12/2015,12-Feb-15,12-Feb-15,12-Feb-15,ARV,Adult,PHARMACY DIRECT,"Abacavir 300mg, tablets, 60 Tabs",Abacavir,Generic,300mg,Tablet,60,50,2492.63,49.85,0.83,"Aurobindo Unit III, India",No,Weight Captured Separately,Freight Included in Commodity Cost,2.56
13311,104-CI-T30,FPQ-8929,SCMS-131880,ASN-14110,Côte d'Ivoire,PMO - US,Direct Drop,EXW,Air,12/8/2011,1/17/2012,29-Mar-12,29-Mar-12,29-Mar-12,HRDT,HIV test,"Orgenics, Ltd","HIV 1/2, Determine Complete HIV Kit, 100 Tests","HIV 1/2, Determine Complete HIV Kit",Determine,,Test kit,100,2000,160000.0,80.0,0.8,"Alere Medical Co., Ltd.",Yes,957,18919.56,224.32
39133,109-TZ-T30,FPQ-11919,SCMS-205480,ASN-22109,Tanzania,PMO - US,Direct Drop,EXW,Air,3/25/2013,9/11/2013,2-Dec-13,2-Dec-13,2-Dec-13,HRDT,HIV test,"Orgenics, Ltd","HIV 1/2, Determine Complete HIV Kit, 100 Tests","HIV 1/2, Determine Complete HIV Kit",Determine,,Test kit,100,3,240.0,80.0,0.8,"Alere Medical Co., Ltd.",Yes,2,925.04,0.3
51440,113-ZW-T30,FPQ-13032,SCMS-210170,ASN-22818,Zimbabwe,PMO - US,Direct Drop,EXW,Air,9/24/2013,10/18/2013,9-Dec-13,9-Dec-13,10-Dec-13,HRDT,HIV test,"Orgenics, Ltd","HIV 1/2, Determine Complete HIV Kit, 100 Tests","HIV 1/2, Determine Complete HIV Kit",Determine,,Test kit,100,2000,160000.0,80.0,0.8,"Alere Medical Co., Ltd.",No,See ASN-22818 (ID#:39794),See ASN-22818 (ID#:39794),197.92
46860,108-VN-T30,FPQ-5899,SCMS-77470,ASN-8455,Vietnam,PMO - US,Direct Drop,EXW,Air,6/23/2010,7/1/2010,25-Oct-10,25-Oct-10,25-Oct-10,ARV,Adult,STRIDES ARCOLAB LIMITED,"Lamivudine/Nevirapine/Zidovudine 150/200/300mg, tablets, 60 Tabs",Lamivudine/Nevirapine/Zidovudine,Generic,150/300/200mg,Tablet - FDC,60,24000,264000.0,11.0,0.18,"Strides, Bangalore, India.",Yes,2769,10546.68,569.18
54100,108-VN-T30,FPQ-15292,SCMS-268450,ASN-30674,Vietnam,PMO - US,Direct Drop,FCA,Air,12/5/2014,12/18/2014,31-Mar-15,31-Mar-15,31-Mar-15,ARV,Adult,ABBVIE LOGISTICS (FORMERLY ABBOTT LOGISTICS BV),"Lopinavir/Ritonavir 200/50mg [Aluvia], tablets, 120 Tabs",Lopinavir/Ritonavir,Aluvia,200/50mg,Tablet,120,9000,547200.0,60.8,0.51,ABBVIE Ludwigshafen Germany,Yes,2235,5134.12,644.05
86553,113-ZW-T30,FPQ-10632,SO-43210,DN-3030,Zimbabwe,PMO - US,From RDC,N/A - From RDC,Truck,9/11/2012,N/A - From RDC,14-Mar-13,14-Mar-13,14-Mar-13,ARV,Adult,SCMS from RDC,"Lamivudine/Tenofovir Disoproxil Fumarate 300/300mg, tablets, 30 Tabs",Lamivudine/Tenofovir Disoproxil Fumarate,Generic,300/300mg,Tablet - FDC,30,20519,96439.3,4.7,0.16,"Aurobindo Unit VII, IN",No,See DN-3030 (ID#:82549),See DN-3030 (ID#:82549),135.21
82601,109-TZ-T30,FPQ-12015,SO-44993,DN-3300,Tanzania,PMO - US,From RDC,N/A - From RDC,Truck,4/2/2013,N/A - From RDC,25-Oct-13,1-Oct-13,9-Oct-13,ARV,Adult,SCMS from RDC,"Efavirenz/Emtricitabine/Tenofovir Disoproxil Fumarate 600/200/300mg, tablets, 30 Tabs",Efavirenz/Emtricitabine/Tenofovir Disoproxil Fumarate,Generic,600/200/300mg,Tablet - FDC,30,12567,154574.1,12.3,0.41,"Aurobindo Unit VII, IN",Yes,1482,5474,191.21
11139,109-TZ-T01,Pre-PQ Process,SO-496,DN-247,Tanzania,PMO - US,From RDC,N/A - From RDC,Air,Pre-PQ Process,N/A - From RDC,30-Jul-07,30-Jul-07,30-Jul-07,ARV,Adult,SCMS from RDC,"Ritonavir 100mg [Norvir], capsules, cool, 4 x 84 Caps",Ritonavir,Norvir,100mg,Capsule,336,157,6022.52,38.36,0.11,ABBVIE (Abbott) Logis. UK,Yes,547,2094,9.64
48261,107-RW-T30,FPQ-16293,SCMS-294120,ASN-33515,Rwanda,PMO - US,Direct Drop,FCA,Air,6/15/2015,7/7/2015,21-Aug-15,21-Aug-15,24-Aug-15,ARV,Pediatric,ABBVIE LOGISTICS (FORMERLY ABBOTT LOGISTICS BV),"Lopinavir/Ritonavir 80/20mg/ml [Kaletra], oral solution, cool, Bottle 5 x 60 ml",Lopinavir/Ritonavir,Kaletra,80/20mg/ml,Oral solution,300,350,10787.0,30.82,0.1,ABBVIE (Abbott) Logis. UK,Yes,Weight Captured Separately,Invoiced Separately,12.7
12336,107-RW-T01,Pre-PQ Process,SO-239,DN-70,Rwanda,PMO - US,From RDC,N/A - From RDC,Air,Pre-PQ Process,N/A - From RDC,10-Apr-07,10-Apr-07,10-Apr-07,HRDT,HIV test,SCMS from RDC,"HIV 1/2, Uni-Gold HIV Kit, 20 Tests","HIV 1/2, Uni-Gold HIV Kit",Uni-Gold,,Test kit,20,500,16000.0,32.0,1.6,"Trinity Biotech, Plc",No,See DN-70 (ID#:11095),See DN-70 (ID#:11095),
85488,113-ZW-T30,FPQ-13508,SO-47530,DN-3780,Zimbabwe,PMO - US,From RDC,N/A - From RDC,Truck,12/24/2013,N/A - From RDC,30-Jul-14,11-Jul-14,4-Aug-14,ARV,Adult,SCMS from RDC,"Nevirapine 200mg, tablets, 60 Tabs",Nevirapine,Generic,200mg,Tablet,60,51747,116948.22,2.26,0.04,"Strides, Bangalore, India.",No,See DN-3780 (ID#:84944),See DN-3780 (ID#:84944),120.22
12857,109-TZ-T01,Pre-PQ Process,SO-11860,DN-852,Tanzania,PMO - US,From RDC,N/A - From RDC,Air,Pre-PQ Process,N/A - From RDC,22-Aug-08,22-Aug-08,22-Aug-08,ARV,Adult,SCMS from RDC,"Lamivudine/Zidovudine 150/300mg, tablets, 60 Tabs",Lamivudine/Zidovudine,Generic,150/300mg,Tablet - FDC,60,76427,722235.15,9.45,0.16,"Aurobindo Unit III, India",Yes,7017,5367.09,1155.58
82370,114-UG-T30,FPQ-6427,SO-37560,DN-2121,Uganda,PMO - US,From RDC,N/A - From RDC,Truck,9/29/2010,N/A - From RDC,28-Feb-11,22-Mar-11,22-Mar-11,ARV,Adult,SCMS from RDC,"Lamivudine/Nevirapine/Zidovudine 150/200/300mg, tablets, 60 Tabs",Lamivudine/Nevirapine/Zidovudine,Generic,150/300/200mg,Tablet - FDC,60,117367,1316857.74,11.22,0.19,"Aurobindo Unit III, India",Yes,17496,104604.06,2839.15
83194,109-TZ-T30,FPQ-12354,SO-45741,DN-3454,Tanzania,PMO - US,From RDC,N/A - From RDC,Truck,5/16/2013,N/A - From RDC,31-Jan-14,20-Jan-14,29-Jan-14,ARV,Adult,SCMS from RDC,"Efavirenz/Lamivudine/Tenofovir Disoproxil Fumarate 600/300/300mg, tablets, 30 Tabs",Efavirenz/Lamivudine/Tenofovir Disoproxil Fumarate,Generic,600/300/300mg,Tablet - FDC,30,68762,766696.3,11.15,0.37,Mylan (formerly Matrix) Nashik,Yes,8456,7134.39,948.4
83656,106-HT-T30,FPQ-11281,SO-44420,DN-3016,Haiti,PMO - US,From RDC,N/A - From RDC,Air,1/16/2013,N/A - From RDC,23-Apr-13,14-Mar-13,14-Mar-13,ARV,Adult,SCMS from RDC,"Efavirenz/Lamivudine/Tenofovir Disoproxil Fumarate 600/300/300mg, tablets, 30 Tabs",Efavirenz/Lamivudine/Tenofovir Disoproxil Fumarate,Generic,600/300/300mg,Tablet - FDC,30,15890,192427.9,12.11,0.4,Mylan (formerly Matrix) Nashik,Yes,1807,30844.1,238.03
5590,102-NG-T01,Pre-PQ Process,SCMS-16890,ASN-1874,Nigeria,PMO - US,Direct Drop,EXW,Air,Pre-PQ Process,1/29/2008,19-Sep-08,20-Jun-08,20-Jun-08,HRDT,HIV test,"CHEMBIO DIAGNOSTIC SYSTEMS, INC.","HIV 1/2, Stat-Pak HIV, Kit, 20 Tests","HIV 1/2, Stat-Pak HIV, Kit",Stat-Pak,,Test kit,20,7301,197127.0,27.0,1.35,Chembio Diagnostics Sys. Inc.,Yes,2093,16036.94,315.4
11921,130-NG-T01,Pre-PQ Process,SO-10580,DN-909,Nigeria,PMO - US,From RDC,N/A - From RDC,Air,Pre-PQ Process,N/A - From RDC,22-Sep-08,22-Sep-08,22-Sep-08,ARV,Adult,SCMS from RDC,"Lamivudine/Zidovudine 150/300mg, tablets, 60 Tabs",Lamivudine/Zidovudine,Generic,150/300mg,Tablet - FDC,60,2339,21869.65,9.35,0.16,Mylan (formerly Matrix) Nashik,No,See DN-909 (ID#:10727),See DN-909 (ID#:10727),34.99
83130,111-MZ-T30,FPQ-11882,SO-44800,DN-3107,Mozambique,PMO - US,From RDC,N/A - From RDC,Air,3/19/2013,N/A - From RDC,6-Jun-13,11-Jun-13,11-Jun-13,ARV,Adult,SCMS from RDC,"Efavirenz 600mg, tablets, 30 Tabs",Efavirenz,Generic,600mg,Tablet,30,43563,145064.79,3.33,0.11,"Aurobindo Unit VII, IN",Yes,4122,28602.94,179.45
49926,104-CI-T30,FPQ-10764,SCMS-162873,ASN-21204,Côte d'Ivoire,PMO - US,Direct Drop,EXW,Air,10/10/2012,5/1/2013,24-Jun-13,24-Jun-13,24-Jun-13,HRDT,HIV test,BIO-RAD LABORATORIES (FRANCE),"HIV 1/2, Genie III Kit, 50 Tests","HIV 1/2, Genie III Kit",Genie,,Test kit,50,900,81900.0,91.0,1.82,Bio-Rad Laboratories,Yes,Weight Captured Separately,Invoiced Separately,114.82
85323,101-CD-T30,FPQ-11054,SO-43680,DN-2981,"Congo, DRC",PMO - US,From RDC,N/A - From RDC,Air,11/16/2012,N/A - From RDC,11-Sep-13,11-Sep-13,11-Sep-13,ARV,Adult,SCMS from RDC,"Abacavir 300mg, tablets, 60 Tabs",Abacavir,Generic,300mg,Tablet,60,155,2008.8,12.96,0.22,Mylan (formerly Matrix) Nashik,No,See DN-2981 (ID#:82538),See DN-2981 (ID#:82538),2.48
76766,A01-ZM-T50,FPQ-16227,SCMS-291890,ASN-33362,Zambia,PMO - US,Direct Drop,EXW,Air,4/23/2015,6/16/2015,6-Aug-15,6-Aug-15,12-Aug-15,HRDT,HIV test,"Orgenics, Ltd","HIV 1/2, Determine Complete HIV Kit, 100 Tests","HIV 1/2, Determine Complete HIV Kit",Determine,,Test kit,100,530,42400.0,80.0,0.8,"Alere Medical Co., Ltd.",Yes,Weight Captured Separately,Invoiced Separately,49.9
84825,104-CI-T30,FPQ-10633,SO-43310,DN-3200,Côte d'Ivoire,PMO - US,From RDC,N/A - From RDC,Truck,9/11/2012,N/A - From RDC,6-Jul-13,19-Jul-13,19-Jul-13,ARV,Adult,SCMS from RDC,"Efavirenz/Lamivudine/Tenofovir Disoproxil Fumarate 600/300/300mg, tablets, 30 Tabs",Efavirenz/Lamivudine/Tenofovir Disoproxil Fumarate,Generic,600/300/300mg,Tablet - FDC,30,46600,490232.0,10.52,0.35,Hetero Unit III Hyderabad IN,Yes,6107,23753.64,687.31
82460,151-NG-T30,FPQ-8952,SO-41268,DN-2582,Nigeria,PMO - US,From RDC,N/A - From RDC,Air Charter,12/8/2011,N/A - From RDC,20-Jun-12,16-Feb-12,16-Feb-12,ARV,Adult,SCMS from RDC,"Emtricitabine/Tenofovir Disoproxil Fumarate 200/300mg, tablets, 30 Tabs",Emtricitabine/Tenofovir Disoproxil Fumarate,Generic,200/300mg,Tablet - FDC,30,50000,448500.0,8.97,0.3,Mylan (formerly Matrix) Nashik,No,See DN-2582 (ID#:82459),See DN-2582 (ID#:82459),628.8
85163,113-ZW-T30,FPQ-4694,SO-35370,DN-2041,Zimbabwe,PMO - US,From RDC,N/A - From RDC,Truck,12/8/2009,N/A - From RDC,30-Nov-10,25-Nov-10,25-Nov-10,ARV,Adult,SCMS from RDC,"Lamivudine/Nevirapine/Stavudine 150/200/30mg, tablets, 60 Tabs",Lamivudine/Nevirapine/Stavudine,Generic,150/200/30mg,Tablet - FDC,60,112100,608703.0,5.43,0.09,"Cipla, Goa, India",No,See DN-2041 (ID#:83461),See DN-2041 (ID#:83461),1312.36
76073,116-ZA-T30,FPQ-13973,SCMS-238551,ASN-26882,South Africa,PMO - US,Direct Drop,DDP,Truck,4/30/2014,6/25/2014,25-Jun-14,25-Jun-14,25-Jun-14,ARV,Adult,PHARMACY DIRECT,"Zidovudine 300mg, tablets, 60 Tabs",Zidovudine,Generic,300mg,Tablet,60,13,324.4,24.95,0.42,"Aurobindo Unit III, India",No,Weight Captured Separately,Freight Included in Commodity Cost,0.33
86316,151-NG-T30,FPQ-5023,SO-36501,DN-1914,Nigeria,PMO - US,From RDC,N/A - From RDC,Air,2/10/2010,N/A - From RDC,15-Jul-10,28-Jun-10,28-Jun-10,ARV,Adult,SCMS from RDC,"Zidovudine 300mg, tablets, 60 Tabs",Zidovudine,Generic,300mg,Tablet,60,3000,22500.0,7.5,0.12,"Aurobindo Unit III, India",Yes,165,Freight Included in Commodity Cost,48.51
85270,105-GY-T30,FPQ-9820,SO-42040,DN-2701,Guyana,PMO - US,From RDC,N/A - From RDC,Air,5/4/2012,N/A - From RDC,10-Jul-12,13-Jun-12,13-Jun-12,ARV,Pediatric,SCMS from RDC,"Lamivudine 10mg/ml, oral solution w/syringe, Bottle, 240 ml",Lamivudine,Generic,10mg/ml,Oral solution,240,230,425.5,1.85,0.01,"Aurobindo Unit III, India",Yes,83,1075.62,0.6
12068,113-ZW-T01,Pre-PQ Process,SO-415,DN-140,Zimbabwe,PMO - US,From RDC,N/A - From RDC,,Pre-PQ Process,N/A - From RDC,20-May-07,20-May-07,20-May-07,ARV,Adult,SCMS from RDC,"Efavirenz 600mg, tablets, 30 Tabs",Efavirenz,Generic,600mg,Tablet,30,2800,45528.0,16.26,0.54,"Aurobindo Unit III, India",Yes,246,1130.49,
10999,109-TZ-T01,Pre-PQ Process,SO-2566,DN-891,Tanzania,PMO - US,From RDC,N/A - From RDC,Truck,Pre-PQ Process,N/A - From RDC,23-Sep-08,23-Sep-08,23-Sep-08,ARV,Adult,SCMS from RDC,"Lamivudine/Nevirapine/Stavudine 150/200/30mg, tablets, 60 Tabs",Lamivudine/Nevirapine/Stavudine,Generic,150/200/30mg,Tablet - FDC,60,123317,912545.8,7.4,0.12,"Cipla, Goa, India",Yes,13253,64506.78,1460.07
82432,101-CD-T30,FPQ-8840,SO-41131,DN-2493,"Congo, DRC",PMO - US,From RDC,N/A - From RDC,Air,11/21/2011,N/A - From RDC,16-Mar-12,14-Feb-12,14-Feb-12,ARV,Adult,SCMS from RDC,"Lamivudine/Zidovudine 150/300mg, tablets, 60 Tabs",Lamivudine/Zidovudine,Generic,150/300mg,Tablet - FDC,60,97,801.22,8.26,0.14,"Aurobindo Unit III, India",Yes,46,456.17,1.12
80250,108-VN-T30,FPQ-4719,SCMS-62250,ASN-6598,Vietnam,PMO - US,Direct Drop,EXW,Air,1/4/2010,1/7/2010,17-May-10,17-May-10,17-May-10,ARV,Adult,MYLAN LABORATORIES LTD (FORMERLY MATRIX LABORATORIES),"Tenofovir Disoproxil Fumarate 300mg, tablets, 30 Tabs",Tenofovir Disoproxil Fumarate,Generic,300mg,Tablet,30,1344,10080.0,7.5,0.25,Mylan (formerly Matrix) Nashik,Yes,86,3573.32,21.73
16391,105-SS-T30,FPQ-15569,SCMS-272170,ASN-32107,South Sudan,PMO - US,Direct Drop,EXW,Air,12/29/2014,2/20/2015,2-Jul-15,7-Jul-15,7-Jul-15,HRDT,HIV test,"Orgenics, Ltd","HIV 1/2, Determine Complete HIV Kit, 100 Tests","HIV 1/2, Determine Complete HIV Kit",Determine,,Test kit,100,100,8900.0,89.0,0.89,"Alere Medical Co., Ltd.",Yes,Weight Captured Separately,Invoiced Separately,10.48
11510,110-ZM-T01,Pre-PQ Process,SO-1187,DN-457,Zambia,PMO - US,From RDC,N/A - From RDC,Air,Pre-PQ Process,N/A - From RDC,24-Dec-07,24-Dec-07,24-Dec-07,ARV,Adult,SCMS from RDC,"Emtricitabine/Tenofovir Disoproxil Fumarate 200/300mg [Truvada], tablets, 30 Tabs",Emtricitabine/Tenofovir Disoproxil Fumarate,Truvada,300/200mg,Tablet - FDC,30,17706,464782.5,26.25,0.88,"Aspen-OSD, Port Elizabeth, SA",Yes,1594,6035.4,743.65
11015,123-NG-T01,Pre-PQ Process,SO-19060,DN-1058,Nigeria,PMO - US,From RDC,N/A - From RDC,Air,Pre-PQ Process,N/A - From RDC,19-Jan-09,19-Jan-09,19-Jan-09,ARV,Adult,SCMS from RDC,"Emtricitabine/Tenofovir Disoproxil Fumarate 200/300mg [Truvada], tablets, 30 Tabs",Emtricitabine/Tenofovir Disoproxil Fumarate,Truvada,300/200mg,Tablet - FDC,30,12304,322980.0,26.25,0.88,"Aspen-OSD, Port Elizabeth, SA",Yes,5197,21895.01,633.04
84746,114-UG-T30,FPQ-9355,SO-41594,DN-2815,Uganda,PMO - US,From RDC,N/A - From RDC,Truck,2/20/2012,N/A - From RDC,30-Oct-12,30-Oct-12,30-Oct-12,ARV,Adult,SCMS from RDC,"Lamivudine/Zidovudine 150/300mg, tablets, 60 Tabs",Lamivudine/Zidovudine,Generic,150/300mg,Tablet - FDC,60,5154,39788.88,7.72,0.13,Hetero Unit III Hyderabad IN,Yes,429,3293.34,55.78
12404,109-TZ-T01,Pre-PQ Process,SO-1075,DN-360,Tanzania,PMO - US,From RDC,N/A - From RDC,,Pre-PQ Process,N/A - From RDC,11-Oct-07,11-Oct-07,11-Oct-07,ARV,Pediatric,SCMS from RDC,"Efavirenz 200mg [Stocrin/Sustiva], capsule, 90 Caps",Efavirenz,Stocrin/Sustiva,200mg,Capsule,90,1987,64418.54,32.42,0.36,MSD South Granville Australia,Yes,238,2465,103.07
10898,104-CI-T01,Pre-PQ Process,SO-845,DN-376,Côte d'Ivoire,PMO - US,From RDC,N/A - From RDC,Air,Pre-PQ Process,N/A - From RDC,2-Oct-07,2-Oct-07,2-Oct-07,HRDT,HIV test,SCMS from RDC,"HIV 1/2, Determine Complete HIV Kit, 100 Tests","HIV 1/2, Determine Complete HIV Kit",Determine,,Test kit,100,350,25200.0,72.0,0.72,Inverness Japan,No,See DN-376 (ID#:10628),See DN-376 (ID#:10628),40.32
86735,111-MZ-T30,FPQ-14226,SO-48885,DN-3957,Mozambique,PMO - US,From RDC,N/A - From RDC,Truck,5/2/2014,N/A - From RDC,31-Dec-14,1-Dec-14,1-Dec-14,ARV,Adult,SCMS from RDC,"Efavirenz/Lamivudine/Tenofovir Disoproxil Fumarate 600/300/300mg, tablets, 30 Tabs",Efavirenz/Lamivudine/Tenofovir Disoproxil Fumarate,Generic,600/300/300mg,Tablet - FDC,30,19492,210123.76,10.78,0.36,Mylan (formerly Matrix) Nashik,No,See DN-3957 (ID#:83283),See DN-3957 (ID#:83283),216.01
85664,151-NG-T30,FPQ-4537,SO-34919,DN-1712,Nigeria,PMO - US,From RDC,N/A - From RDC,Air Charter,11/6/2009,N/A - From RDC,19-Apr-10,31-Mar-10,31-Mar-10,ARV,Adult,SCMS from RDC,"Efavirenz 600mg, tablets, 30 Tabs",Efavirenz,Generic,600mg,Tablet,30,751,3852.63,5.13,0.17,"Aurobindo Unit III, India",Yes,65,Freight Included in Commodity Cost,8.31
83030,102-DO-T30,FPQ-9676,SO-41871,DN-2648,Dominican Republic,PMO - US,From RDC,N/A - From RDC,Air,4/9/2012,N/A - From RDC,21-May-12,9-May-12,9-May-12,ARV,Adult,SCMS from RDC,"Lamivudine/Tenofovir Disoproxil Fumarate 300/300mg, tablets, 30 Tabs",Lamivudine/Tenofovir Disoproxil Fumarate,Generic,300/300mg,Tablet - FDC,30,847,4692.38,5.54,0.18,"Aurobindo Unit VII, IN",Yes,85,1857.04,6.58
10126,109-TZ-T01,Pre-PQ Process,SCMS-34690,ASN-3853,Tanzania,PMO - US,Direct Drop,CIP,Air,Pre-PQ Process,12/30/2008,15-Jun-09,15-Jun-09,15-Jun-09,ARV,Adult,MERCK SHARP & DOHME IDEA GMBH (FORMALLY MERCK SHARP & DOHME B.V.),"Efavirenz/Emtricitabine/Tenofovir Disoproxil Fumarate 600/200/300mg [Atripla], tablets, 30 Tabs",Efavirenz/Emtricitabine/Tenofovir Disoproxil Fumarate,Atripla,600/200/300mg,Tablet - FDC,30,2357,118792.8,50.4,1.68,"MSD, Haarlem, NL",No,See ASN-3853 (ID#:4824),See ASN-3853 (ID#:4824),232.83
44068,108-VN-T30,FPQ-15040,SCMS-263650,ASN-30554,Vietnam,PMO - US,Direct Drop,EXW,Air,10/30/2014,12/8/2014,23-Mar-15,23-Mar-15,23-Mar-15,ARV,Adult,MYLAN LABORATORIES LTD (FORMERLY MATRIX LABORATORIES),"Efavirenz/Lamivudine/Tenofovir Disoproxil Fumarate 600/300/300mg, tablets, 30 Tabs",Efavirenz/Lamivudine/Tenofovir Disoproxil Fumarate,Generic,600/300/300mg,Tablet - FDC,30,21384,217047.6,10.15,0.34,Mylan (formerly Matrix) Nashik,Yes,2406,4219.32,223.12
63234,102-SD-T30,FPQ-6119,SCMS-83990,ASN-8453,Sudan,PMO - US,Direct Drop,EXW,Air,8/30/2010,9/2/2010,12-Nov-10,12-Nov-10,12-Nov-10,HRDT,HIV test,"Orgenics, Ltd","HIV 1/2, Determine Complete HIV Kit, 100 Tests","HIV 1/2, Determine Complete HIV Kit",Determine,,Test kit,100,260,23140.0,89.0,0.89,Inverness Japan,Yes,119,2742.83,49.89
44121,102-SZ-T30,FPQ-12624,SCMS-200930,ASN-21890,Swaziland,PMO - US,Direct Drop,EXW,Air,7/18/2013,9/4/2013,30-Nov-13,30-Nov-13,27-Mar-14,HRDT,HIV test,"Trinity Biotech, Plc","HIV 1/2, Uni-Gold HIV Kit, 20 Tests","HIV 1/2, Uni-Gold HIV Kit",Uni-Gold,,Test kit,20,200,6400.0,32.0,1.6,"Trinity Biotech, Plc",Yes,Weight Captured Separately,Invoiced Separately,7.92
84799,111-MZ-T30,FPQ-10211,SO-42860,DN-3063,Mozambique,PMO - US,From RDC,N/A - From RDC,Truck,6/28/2012,N/A - From RDC,8-Apr-13,16-Apr-13,16-Apr-13,ARV,Adult,SCMS from RDC,"Efavirenz/Lamivudine/Tenofovir Disoproxil Fumarate 600/300/300mg, tablets, 30 Tabs",Efavirenz/Lamivudine/Tenofovir Disoproxil Fumarate,Generic,600/300/300mg,Tablet - FDC,30,97351,1178920.61,12.11,0.4,Mylan (formerly Matrix) Nashik,Yes,11667,4120.7,1652.85
11933,112-NG-T01,Pre-PQ Process,SO-2728,DN-917,Nigeria,PMO - US,From RDC,N/A - From RDC,Air,Pre-PQ Process,N/A - From RDC,24-Sep-08,24-Sep-08,24-Sep-08,ARV,Adult,SCMS from RDC,"Emtricitabine/Tenofovir Disoproxil Fumarate 200/300mg [Truvada], tablets, 30 Tabs",Emtricitabine/Tenofovir Disoproxil Fumarate,Truvada,300/200mg,Tablet - FDC,30,4,105.0,26.25,0.88,"Aspen-OSD, Port Elizabeth, SA",No,See DN-917 (ID#:10745),See DN-917 (ID#:10745),0.17
77547,105-SS-T30,FPQ-15569,SCMS-272160,ASN-31331,South Sudan,PMO - US,Direct Drop,EXW,Air,12/29/2014,2/20/2015,3-Jun-15,3-Jun-15,5-Jun-15,HRDT,HIV test - Ancillary,"Orgenics, Ltd","Capillary Tubes, for Determine, EDTA, 50uL,100 Pcs","HIV, Capillary Tubes, for Determine, EDTA, 50uL,100 Pcs",Determine,,Test kit - Ancillary,100,50,400.0,8.0,0.08,"Alere Medical Co., Ltd.",No,See ASN-31331 (ID#:51668),See ASN-31331 (ID#:51668),0.47
47642,101-CD-T30,FPQ-16001,SCMS-280220,ASN-32231,"Congo, DRC",PMO - US,Direct Drop,EXW,Air,3/10/2015,3/17/2015,23-Jul-15,23-Jul-15,29-Jul-15,HRDT,HIV test,"Orgenics, Ltd","HIV 1/2, Determine Complete HIV Kit, 100 Tests","HIV 1/2, Determine Complete HIV Kit",Determine,,Test kit,100,262,20960.0,80.0,0.8,"Alere Medical Co., Ltd.",No,See ASN-32231 (ID#:13648),See ASN-32231 (ID#:13648),24.67
83176,102-BI-T30,FPQ-12602,SO-46030,DN-3382,Burundi,PMO - US,From RDC,N/A - From RDC,Air,7/9/2013,N/A - From RDC,15-Nov-13,22-Nov-13,27-Nov-13,ARV,Adult,SCMS from RDC,"Lamivudine/Tenofovir Disoproxil Fumarate 300/300mg, tablets, 30 Tabs",Lamivudine/Tenofovir Disoproxil Fumarate,Generic,300/300mg,Tablet - FDC,30,1920,9024.0,4.7,0.16,Mylan (formerly Matrix) Nashik,Yes,160,1527.29,11.16
11950,104-CI-T01,Pre-PQ Process,SO-16190,DN-1020,Côte d'Ivoire,PMO - US,From RDC,N/A - From RDC,Air,Pre-PQ Process,N/A - From RDC,5-Jan-09,5-Jan-09,5-Jan-09,ARV,Adult,SCMS from RDC,"Lamivudine/Nevirapine/Stavudine 150/200/30mg, tablets, 60 Tabs",Lamivudine/Nevirapine/Stavudine,Generic,150/200/30mg,Tablet - FDC,60,19290,138888.0,7.2,0.12,"Cipla, Goa, India",Yes,2096,19495.73,272.22
84170,110-ZM-T30,FPQ-9081,SO-41280,DN-2659,Zambia,PMO - US,From RDC,N/A - From RDC,Truck,12/22/2011,N/A - From RDC,1-Jun-12,28-May-12,28-May-12,ARV,Adult,SCMS from RDC,"Nevirapine 200mg, tablets, 60 Tabs",Nevirapine,Generic,200mg,Tablet,60,13127,32948.77,2.51,0.04,"Aurobindo Unit III, India",Yes,1252,6079.27,46.19
28908,161-ZA-T30,FPQ-5303,SCMS-68981,ASN-8441,South Africa,PMO - US,Direct Drop,DDP,Air,3/18/2010,3/19/2010,8-Dec-10,8-Dec-10,8-Dec-10,ARV,Adult,Aurobindo Pharma Limited,"Nevirapine 200mg, tablets, 60 Tabs",Nevirapine,Generic,200mg,Tablet,60,26369,76997.48,2.92,0.05,"Aurobindo Unit III, India",Yes,3110,5159.33,166.01
84850,109-TZ-T30,FPQ-12015,SO-44984,DN-3316,Tanzania,PMO - US,From RDC,N/A - From RDC,Truck,4/2/2013,N/A - From RDC,31-Oct-13,27-Sep-13,27-Sep-13,ARV,Pediatric,SCMS from RDC,"Lamivudine/Nevirapine/Zidovudine 30/50/60mg, dispersible tablets, 60 Tabs",Lamivudine/Nevirapine/Zidovudine,Generic,30/50/60mg,Chewable/dispersible tablet - FDC,60,80322,312452.58,3.89,0.06,Mylan (formerly Matrix) Nashik,No,See DN-3316 (ID#:83160),See DN-3316 (ID#:83160),386.5
12350,111-MZ-T01,Pre-PQ Process,SO-500,DN-152,Mozambique,PMO - US,From RDC,N/A - From RDC,Air,Pre-PQ Process,N/A - From RDC,8-Jun-07,8-Jun-07,8-Jun-07,ARV,Adult,SCMS from RDC,"Lopinavir/Ritonavir 200/50mg [Aluvia], tablets, 120 Tabs",Lopinavir/Ritonavir,Aluvia,200/50mg,Tablet,120,900,36990.0,41.1,0.34,ABBVIE Ludwigshafen Germany,No,Weight Captured Separately,Freight Included in Commodity Cost,
85278,113-ZW-T30,FPQ-8464,SO-40880,DN-2742,Zimbabwe,PMO - US,From RDC,N/A - From RDC,Truck,10/4/2011,N/A - From RDC,14-Aug-12,23-Jul-12,23-Jul-12,ARV,Adult,SCMS from RDC,"Efavirenz 600mg, tablets, 30 Tabs",Efavirenz,Generic,600mg,Tablet,30,17422,66377.82,3.81,0.13,"Aurobindo Unit III, India",No,See DN-2742 (ID#:84181),See DN-2742 (ID#:84181),109.52
86130,111-MZ-T30,FPQ-13575,SO-47703,DN-3865,Mozambique,PMO - US,From RDC,N/A - From RDC,Truck,1/17/2014,N/A - From RDC,31-Aug-14,30-Oct-14,13-Nov-14,ARV,Adult,SCMS from RDC,"Efavirenz 600mg, tablets, 30 Tabs",Efavirenz,Generic,600mg,Tablet,30,77000,247170.0,3.21,0.11,"Micro labs, Verna, Goa, India",No,See DN-3865 (ID#:82723),See DN-3865 (ID#:82723),254.09
12428,104-CI-T01,Pre-PQ Process,SO-1245,DN-423,Côte d'Ivoire,PMO - US,From RDC,N/A - From RDC,Air,Pre-PQ Process,N/A - From RDC,13-Nov-07,13-Nov-07,13-Nov-07,ARV,Adult,SCMS from RDC,"Saquinavir 200mg [Invirase], capsules, 270 Caps",Saquinavir,Invirase,200mg,Capsule,270,23,1808.72,78.64,0.29,Roche Basel,No,See DN-423 (ID#:11194),See DN-423 (ID#:11194),2.89
1593,102-BW-T01,Pre-PQ Process,SCMS-16730,ASN-1721,Botswana,PMO - US,Direct Drop,EXW,Air,Pre-PQ Process,2/4/2008,3-Jul-08,3-Jul-08,3-Jul-08,HRDT,HIV test,"Trinity Biotech, Plc","HIV 1/2, Uni-Gold HIV Kit, 20 Tests","HIV 1/2, Uni-Gold HIV Kit",Uni-Gold,,Test kit,20,450,14400.0,32.0,1.6,"Trinity Biotech, Plc",Yes,154,2496.62,23.04
82571,103-SS-T30,FPQ-11489,SO-44630,DN-3125,South Sudan,PMO - US,From RDC,N/A - From RDC,Air,1/16/2013,N/A - From RDC,30-Apr-13,24-Apr-13,24-Apr-13,ARV,Adult,SCMS from RDC,"Lamivudine/Tenofovir Disoproxil Fumarate 300/300mg, tablets, 30 Tabs",Lamivudine/Tenofovir Disoproxil Fumarate,Generic,300/300mg,Tablet - FDC,30,1447,6800.9,4.7,0.16,"Aurobindo Unit VII, IN",Yes,1309,12356,8.41
84193,114-UG-T30,FPQ-9355,SO-41590,DN-2876,Uganda,PMO - US,From RDC,N/A - From RDC,Truck,2/20/2012,N/A - From RDC,8-Nov-12,8-Nov-12,8-Nov-12,ARV,Adult,SCMS from RDC,"Efavirenz 600mg, tablets, 30 Tabs",Efavirenz,Generic,600mg,Tablet,30,8132,29600.48,3.64,0.12,"Aurobindo Unit III, India",Yes,690,3990,41.5
12261,112-NG-T01,Pre-PQ Process,SO-20960,DN-1124,Nigeria,PMO - US,From RDC,N/A - From RDC,Air Charter,Pre-PQ Process,N/A - From RDC,19-Mar-09,19-Mar-09,19-Mar-09,ARV,Adult,SCMS from RDC,"Stavudine 30mg, capsules, 60 Caps",Stavudine,Generic,30mg,Capsule,60,1033,1601.15,1.55,0.03,"Aurobindo Unit III, India",No,See DN-1124 (ID#:11620),See DN-1124 (ID#:11620),3.14
10845,102-NG-T01,Pre-PQ Process,SO-667,DN-236,Nigeria,PMO - US,From RDC,N/A - From RDC,,Pre-PQ Process,N/A - From RDC,5-Jul-07,5-Jul-07,5-Jul-07,HRDT,HIV test,SCMS from RDC,"HIV 1/2, Stat-Pak HIV, Kit, 20 Tests","HIV 1/2, Stat-Pak HIV, Kit",Stat-Pak,,Test kit,20,500,13500.0,27.0,1.35,Chembio Diagnostics Sys. Inc.,Yes,115,1352,21.6
83910,151-NG-T30,FPQ-14989,SO-49933,DN-4229,Nigeria,PMO - US,From RDC,N/A - From RDC,Air Charter,9/19/2014,N/A - From RDC,30-Jun-15,15-Apr-15,20-Apr-15,ARV,Adult,SCMS from RDC,"Lamivudine/Nevirapine/Zidovudine 150/200/300mg, tablets, 60 Tabs",Lamivudine/Nevirapine/Zidovudine,Generic,150/300/200mg,Tablet - FDC,60,131607,1016006.04,7.72,0.13,Mylan (formerly Matrix) Nashik,No,See DN-4229 (ID#:83332),See DN-4229 (ID#:83332),1044.45
61501,161-ZA-T30,FPQ-6262,SCMS-83730,ASN-9482,South Africa,PMO - US,Direct Drop,DDP,Ocean,8/31/2010,9/24/2010,29-Dec-10,10-Mar-11,10-Mar-11,ARV,Adult,Aurobindo Pharma Limited,"Tenofovir Disoproxil Fumarate 300mg, tablets, 30 Tabs",Tenofovir Disoproxil Fumarate,Generic,300mg,Tablet,30,146670,975355.5,6.65,0.22,"Aurobindo Unit III, India",Yes,13690,15213.22,2102.87
61418,114-UG-T30,FPQ-9365,SCMS-142260,ASN-14701,Uganda,PMO - US,Direct Drop,FCA,Air,3/15/2012,4/4/2012,4-May-12,4-May-12,4-May-12,ARV,Adult,ABBVIE LOGISTICS (FORMERLY ABBOTT LOGISTICS BV),"Ritonavir 100mg [Norvir], film coated tablets, 60 Tabs",Ritonavir,Norvir,100mg,Tablet,60,625,4281.25,6.85,0.11,ABBVIE Ludwigshafen Germany,Yes,86,86,6.0
86503,107-RW-T30,FPQ-9888,SO-42111,DN-2788,Rwanda,PMO - US,From RDC,N/A - From RDC,Air,5/11/2012,N/A - From RDC,31-Aug-12,16-Aug-12,16-Aug-12,ARV,Adult,SCMS from RDC,"Abacavir 300mg, tablets, 60 Tabs",Abacavir,Generic,300mg,Tablet,60,629,8271.35,13.15,0.22,"Aurobindo Unit III, India",Yes,67,1618.12,11.6
86597,111-MZ-T30,FPQ-11884,SO-44863,DN-3289,Mozambique,PMO - US,From RDC,N/A - From RDC,Truck,3/19/2013,N/A - From RDC,13-Nov-13,13-Nov-13,2-Dec-13,ARV,Adult,SCMS from RDC,"Lamivudine/Zidovudine 150/300mg, tablets, 60 Tabs",Lamivudine/Zidovudine,Generic,150/300mg,Tablet - FDC,60,38016,276376.32,7.27,0.12,"Aurobindo Unit III, India",No,See DN-3289 (ID#:84844),See DN-3289 (ID#:84844),341.88
18386,106-HT-T30,FPQ-13797,SCMS-233981,ASN-27710,Haiti,PMO - US,Direct Drop,EXW,Ocean,3/20/2014,5/30/2014,28-Oct-14,28-Oct-14,21-Nov-14,ARV,Adult,CIPLA LIMITED,"Lamivudine/Nevirapine/Zidovudine 150/200/300mg, tablets, 60 Tabs",Lamivudine/Nevirapine/Zidovudine,Generic,150/300/200mg,Tablet - FDC,60,16435,133123.5,8.1,0.13,"Cipla, Goa, India",Yes,Weight Captured Separately,Invoiced Separately,136.85
12309,107-RW-T01,Pre-PQ Process,SO-32800,DN-1385,Rwanda,PMO - US,From RDC,N/A - From RDC,Air,Date Not Captured,N/A - From RDC,31-Jul-09,31-Jul-09,31-Jul-09,ARV,Adult,SCMS from RDC,"Lamivudine 150mg, tablets, 60 Tabs",Lamivudine,Generic,150mg,Tablet,60,8766,21389.04,2.44,0.04,"Aurobindo Unit III, India",Yes,447,4257.01,41.92
72336,102-KE-T30,FPQ-4591,SCMS-58382,ASN-7491,Kenya,PMO - US,Direct Drop,EXW,Air,11/18/2009,5/27/2010,29-Jul-10,30-Jul-10,30-Jul-10,HRDT,HIV test,"Orgenics, Ltd","HIV 1/2, Determine Complete HIV Kit, 100 Tests","HIV 1/2, Determine Complete HIV Kit",Determine,,Test kit,100,4555,364400.0,80.0,0.8,Inverness Japan,Yes,974,9456.46,785.65
80040,108-VN-T30,FPQ-3896,SCMS-48270,ASN-5131,Vietnam,PMO - US,Direct Drop,EXW,Air,6/25/2009,6/26/2009,26-Oct-09,26-Oct-09,26-Oct-09,ARV,Adult,Aurobindo Pharma Limited,"Lamivudine 150mg, tablets, 60 Tabs",Lamivudine,Generic,150mg,Tablet,60,27480,65952.0,2.4,0.04,"Aurobindo Unit III, India",No,See ASN-5131 (ID#:25886),See ASN-5131 (ID#:25886),129.27
65478,104-CI-T30,FPQ-13125,SCMS-215030,ASN-24094,Côte d'Ivoire,PMO - US,Direct Drop,EXW,Air,10/25/2013,11/21/2013,11-Feb-14,11-Feb-14,11-Feb-14,HRDT,HIV test,"Standard Diagnostics, Inc.","HIV 1/2, Bioline 3.0 Kit, Lancets, Capillary pipets, Alcohol swabs included, 25 Tests","HIV 1/2, Bioline 3.0 Kit, Lancets, Capillary pipets, Alcohol swabs included",Bioline,,Test kit,25,3700,75850.0,20.5,0.82,"Standard Diagnostics, Korea",Yes,1281,13222.33,77.97
82572,114-UG-T30,FPQ-10945,SO-43620,DN-3128,Uganda,PMO - US,From RDC,N/A - From RDC,Air,11/6/2012,N/A - From RDC,9-May-13,7-May-13,7-May-13,ARV,Adult,SCMS from RDC,"Efavirenz/Lamivudine/Tenofovir Disoproxil Fumarate 600/300/300mg, tablets, 30 Tabs",Efavirenz/Lamivudine/Tenofovir Disoproxil Fumarate,Generic,600/300/300mg,Tablet - FDC,30,229285,2412078.2,10.52,0.35,Hetero Unit III Hyderabad IN,Yes,29934,34003.7,2983.74
138,109-TZ-T01,Pre-PQ Process,SCMS-10270,ASN-710,Tanzania,PMO - US,Direct Drop,EXW,Air,Pre-PQ Process,Date Not Captured,16-Oct-07,16-Oct-07,16-Oct-07,HRDT,HIV test,"Standard Diagnostics, Inc.","HIV 1/2, Bioline 3.0 Kit, Lancets, Capillary pipets, Alcohol swabs included, 25 Tests","HIV 1/2, Bioline 3.0 Kit, Lancets, Capillary pipets, Alcohol swabs included",Bioline,,Test kit,25,10000,200000.0,20.0,0.8,"Standard Diagnostics, Korea",Yes,3335,27869.74,320.0
82744,101-CD-T30,FPQ-14576,SO-49310,DN-3954,"Congo, DRC",PMO - US,From RDC,N/A - From RDC,Air,7/14/2014,N/A - From RDC,14-Apr-15,14-Apr-15,14-Apr-15,ARV,Pediatric,SCMS from RDC,"Lamivudine/Nevirapine/Zidovudine 30/50/60mg, dispersible tablets, 60 Tabs",Lamivudine/Nevirapine/Zidovudine,Generic,30/50/60mg,Chewable/dispersible tablet - FDC,60,965,3474.0,3.6,0.06,"Cipla, Goa, India",No,See DN-3954 (ID#:82743),See DN-3954 (ID#:82743),3.57
23557,116-ZA-T30,FPQ-3560,SCMS-49610,ASN-5004,South Africa,PMO - US,Direct Drop,DDP,Truck,5/7/2009,7/21/2009,11-Aug-09,12-Aug-09,12-Aug-09,ARV,Adult,S. BUYS WHOLESALER,"Tenofovir Disoproxil Fumarate 300mg [Viread], tablets, 30 Tabs",Tenofovir Disoproxil Fumarate,Viread,300mg,Tablet,30,2837,73030.7,25.74,0.86,"Aspen-OSD, Port Elizabeth, SA",Yes,Weight Captured Separately,Freight Included in Commodity Cost,143.14
84530,104-CI-T30,FPQ-4378,SO-34410,DN-1662,Côte d'Ivoire,PMO - US,From RDC,N/A - From RDC,Air,10/15/2009,N/A - From RDC,9-Mar-10,1-Mar-10,1-Mar-10,ARV,Pediatric,SCMS from RDC,"Efavirenz 50mg, capsule, 30 Caps",Efavirenz,Generic,50mg,Capsule,30,1596,3575.04,2.24,0.07,"Aurobindo Unit III, India",No,See DN-1662 (ID#:83981),See DN-1662 (ID#:83981),7.01
85179,114-UG-T30,FPQ-6427,SO-37560,DN-2121,Uganda,PMO - US,From RDC,N/A - From RDC,Truck,9/29/2010,N/A - From RDC,28-Feb-11,22-Mar-11,22-Mar-11,ARV,Adult,SCMS from RDC,"Lamivudine/Zidovudine 150/300mg, tablets, 60 Tabs",Lamivudine/Zidovudine,Generic,150/300mg,Tablet - FDC,60,6361,52541.86,8.26,0.14,Hetero Unit III Hyderabad IN,No,See DN-2121 (ID#:82370),See DN-2121 (ID#:82370),113.28
31670,161-ZA-T30,FPQ-6262,SCMS-83790,ASN-9477,South Africa,PMO - US,Direct Drop,DDP,Ocean,8/31/2010,9/24/2010,1-Feb-11,10-Mar-11,10-Mar-11,ARV,Pediatric,Aurobindo Pharma Limited,"Efavirenz 200mg, capsule, 90 Caps",Efavirenz,Generic,200mg,Capsule,90,19214,191755.72,9.98,0.11,"Aurobindo Unit III, India",No,See ASN-9477 (ID#:26879),See ASN-9477 (ID#:26879),413.43
7638,109-TZ-T01,Pre-PQ Process,SCMS-38400,ASN-3694,Tanzania,PMO - US,Direct Drop,FCA,Air,Pre-PQ Process,2/5/2009,27-May-09,27-May-09,27-May-09,ARV,Adult,ABBVIE LOGISTICS (FORMERLY ABBOTT LOGISTICS BV),"Lopinavir/Ritonavir 200/50mg [Aluvia], tablets, 120 Tabs",Lopinavir/Ritonavir,Aluvia,200/50mg,Tablet,120,12560,516216.0,41.1,0.34,ABBVIE Ludwigshafen Germany,Yes,3073,12815.42,1011.78
81653,116-ZA-T30,FPQ-12522,SCMS-199280,ASN-24433,South Africa,PMO - US,Direct Drop,DDP,Truck,7/11/2013,8/13/2013,7-Feb-14,7-Feb-14,7-Feb-14,ARV,Adult,S. BUYS WHOLESALER,"Lopinavir/Ritonavir 200/50mg [Aluvia], tablets, 120 Tabs",Lopinavir/Ritonavir,Aluvia,200/50mg,Tablet,120,57,1468.3,25.76,0.21,ABBVIE Ludwigshafen Germany,No,Weight Captured Separately,Freight Included in Commodity Cost,1.82
83631,109-TZ-T30,FPQ-9303,SO-41551,DN-2889,Tanzania,PMO - US,From RDC,N/A - From RDC,Truck,2/15/2012,N/A - From RDC,30-Nov-12,6-Nov-12,6-Nov-12,ARV,Pediatric,SCMS from RDC,"Lamivudine/Nevirapine/Stavudine 60/100/12mg, dispersible tablets, 60 Tabs",Lamivudine/Nevirapine/Stavudine,Generic,60/100/12mg,Chewable/dispersible tablet - FDC,60,844,3629.2,4.3,0.07,"Cipla, Goa, India",Yes,466,1696,5.09
4854,102-GY-T01,Pre-PQ Process,SCMS-35550,ASN-3190,Guyana,PMO - US,Direct Drop,EXW,Air,Pre-PQ Process,12/12/2008,30-Jan-09,23-Jan-09,23-Jan-09,HRDT,HIV test,"Orgenics, Ltd","HIV 1/2, Determine Complete HIV Kit, 100 Tests","HIV 1/2, Determine Complete HIV Kit",Determine,,Test kit,100,351,25272.0,72.0,0.72,Inverness Japan,Yes,60,1097.78,49.53
11046,100-SZ-T01,Pre-PQ Process,SO-30790,DN-1238,Swaziland,PMO - US,From RDC,N/A - From RDC,Air,Pre-PQ Process,N/A - From RDC,21-May-09,21-May-09,21-May-09,ARV,Adult,SCMS from RDC,"Tenofovir Disoproxil Fumarate 300mg, tablets, 30 Tabs",Tenofovir Disoproxil Fumarate,Generic,300mg,Tablet,30,1250,11250.0,9.0,0.3,Mylan (formerly Matrix) Nashik,Yes,1787,12798.04,22.05
86024,111-MZ-T30,FPQ-12416,SO-45894,DN-3439,Mozambique,PMO - US,From RDC,N/A - From RDC,Truck,6/28/2013,N/A - From RDC,31-Jan-14,30-Jan-14,17-Feb-14,ARV,Adult,SCMS from RDC,"Efavirenz 600mg, tablets, 30 Tabs",Efavirenz,Generic,600mg,Tablet,30,50000,166500.0,3.33,0.11,"Cipla, Goa, India",No,See DN-3439 (ID#:85423),See DN-3439 (ID#:85423),205.96
83634,151-NG-T30,FPQ-9968,SO-42689,DN-2908,Nigeria,PMO - US,From RDC,N/A - From RDC,Air,5/23/2012,N/A - From RDC,6-Nov-12,6-Nov-12,6-Nov-12,ARV,Adult,SCMS from RDC,"Abacavir 300mg, tablets, 60 Tabs",Abacavir,Generic,300mg,Tablet,60,11837,153407.52,12.96,0.22,Mylan (formerly Matrix) Nashik,Yes,1319,15459.09,215.08
11707,110-ZM-T01,Pre-PQ Process,SO-355,DN-87,Zambia,PMO - US,From RDC,N/A - From RDC,,Pre-PQ Process,N/A - From RDC,3-May-07,3-May-07,3-May-07,HRDT,HIV test,SCMS from RDC,"HIV 1/2, Uni-Gold HIV Kit, 20 Tests","HIV 1/2, Uni-Gold HIV Kit",Uni-Gold,,Test kit,20,3500,112000.0,32.0,1.6,"Trinity Biotech, Plc",Yes,1109,9437.24,
5717,116-ZA-T01,Pre-PQ Process,SCMS-21460,ASN-1667,South Africa,PMO - US,Direct Drop,DDP,,Pre-PQ Process,4/4/2008,25-Apr-08,7-Apr-08,7-Apr-08,ARV,Adult,S. BUYS WHOLESALER,"Nevirapine 200mg [Viramune], tablets, 60 Tabs",Nevirapine,Viramune,200mg,Tablet,60,100,2030.0,20.3,0.34,"BI, Ingelheim, Germany",No,Weight Captured Separately,Freight Included in Commodity Cost,3.25
4311,104-CI-T01,Pre-PQ Process,SCMS-18460,ASN-2449,Côte d'Ivoire,PMO - US,Direct Drop,EXW,Air,Pre-PQ Process,2/29/2008,26-Sep-08,26-Sep-08,26-Sep-08,HRDT,HIV test,"Orgenics, Ltd","HIV 1/2, Determine HIV Kit, without Lancets, 100 Tests","HIV 1/2, Determine HIV Kit, without Lancets",Determine,,Test kit,100,1116,78120.0,70.0,0.7,Inverness Japan,Yes,256,4014.57,124.99
82398,114-UG-T30,FPQ-8048,SO-40210,DN-2327,Uganda,PMO - US,From RDC,N/A - From RDC,Air,7/13/2011,N/A - From RDC,3-Nov-11,21-Aug-11,21-Aug-11,ARV,Adult,SCMS from RDC,"Tenofovir Disoproxil Fumarate 300mg, tablets, 30 Tabs",Tenofovir Disoproxil Fumarate,Generic,300mg,Tablet,30,2447,15709.74,6.42,0.21,Mylan (formerly Matrix) Nashik,Yes,138,1812.94,25.92
37417,110-ZM-T30,FPQ-6263,SCMS-87270,ASN-8664,Zambia,PMO - US,Direct Drop,EXW,Air,9/8/2010,10/7/2010,14-Dec-10,14-Dec-10,14-Dec-10,HRDT,HIV test,"Standard Diagnostics, Inc.","HIV 1/2, Bioline 3.0 Kit, Lancets, Capillary pipets, Alcohol swabs included, 25 Tests","HIV 1/2, Bioline 3.0 Kit, Lancets, Capillary pipets, Alcohol swabs included",Bioline,,Test kit,25,120,2400.0,20.0,0.8,"Standard Diagnostics, Korea",Yes,40,771.88,5.17
64304,106-HT-T30,FPQ-13494,SCMS-225410,ASN-24980,Haiti,PMO - US,Direct Drop,EXW,Air,1/21/2014,2/19/2014,14-Apr-14,14-Apr-14,14-Apr-14,HRDT,HIV test,"Orgenics, Ltd","HIV 1/2, Determine Complete HIV Kit, 100 Tests","HIV 1/2, Determine Complete HIV Kit",Determine,,Test kit,100,4000,400000.0,100.0,1.0,"Alere Medical Co., Ltd.",Yes,1624,15537.04,411.2
12175,123-NG-T01,Pre-PQ Process,SO-2552,DN-834,Nigeria,PMO - US,From RDC,N/A - From RDC,Air,Pre-PQ Process,N/A - From RDC,16-Jul-08,16-Jul-08,16-Jul-08,ARV,Adult,SCMS from RDC,"Stavudine 30mg, capsules, 60 Caps",Stavudine,Generic,30mg,Capsule,60,7876,11971.52,1.52,0.03,"Aurobindo Unit III, India",No,See DN-834 (ID#:10686),See DN-834 (ID#:10686),19.15
51817,161-ZA-T30,FPQ-6708,SCMS-93570,ASN-12387,South Africa,PMO - US,Direct Drop,DDP,Ocean,11/26/2010,12/14/2010,5-Oct-11,24-Nov-11,24-Nov-11,ARV,Adult,Aurobindo Pharma Limited,"Tenofovir Disoproxil Fumarate 300mg, tablets, 30 Tabs",Tenofovir Disoproxil Fumarate,Generic,300mg,Tablet,30,42131,280171.15,6.65,0.22,"Aurobindo Unit III, India",Yes,Weight Captured Separately,Freight Included in Commodity Cost,462.28
85235,106-HT-T30,FPQ-9056,SO-41300,DN-2535,Haiti,PMO - US,From RDC,N/A - From RDC,Air,12/20/2011,N/A - From RDC,2-Mar-12,12-Mar-12,12-Mar-12,ARV,Adult,SCMS from RDC,"Abacavir 300mg, tablets, 60 Tabs",Abacavir,Generic,300mg,Tablet,60,2250,32917.5,14.63,0.24,Mylan (formerly Matrix) Nashik,No,See DN-2535 (ID#:83011),See DN-2535 (ID#:83011),46.15
5282,108-VN-T01,Pre-PQ Process,SCMS-168,ASN-276,Vietnam,PMO - US,Direct Drop,EXW,Air,Pre-PQ Process,11/14/2006,14-Mar-07,14-Mar-07,14-Mar-07,ARV,Adult,Aurobindo Pharma Limited,"Efavirenz 600mg, tablets, 30 Tabs",Efavirenz,Generic,600mg,Tablet,30,38300,641525.0,16.75,0.56,"Aurobindo Unit III, India",No,See ASN-276 (ID#:2686),See ASN-276 (ID#:2686),
10690,110-ZM-T01,Pre-PQ Process,SO-2546,DN-769,Zambia,PMO - US,From RDC,N/A - From RDC,Truck,Pre-PQ Process,N/A - From RDC,17-Jun-08,17-Jun-08,17-Jun-08,ARV,Adult,SCMS from RDC,"Lamivudine/Stavudine 150/30mg, tablets, 30 Tabs",Lamivudine/Stavudine,Generic,150/30mg,Tablet - FDC,30,42768,85536.0,2.0,0.07,"Cipla, Goa, India",Yes,2493,4887.18,136.86
80704,101-CD-T30,FPQ-16001,SCMS-280220,ASN-32231,"Congo, DRC",PMO - US,Direct Drop,EXW,Air,3/10/2015,3/17/2015,23-Jul-15,23-Jul-15,29-Jul-15,HRDT,HIV test,"Orgenics, Ltd","HIV 1/2, Determine Complete HIV Kit, 100 Tests","HIV 1/2, Determine Complete HIV Kit",Determine,,Test kit,100,368,29440.0,80.0,0.8,"Alere Medical Co., Ltd.",No,See ASN-32231 (ID#:13648),See ASN-32231 (ID#:13648),34.65
83172,110-ZM-T30,FPQ-12066,SO-45091,DN-3361,Zambia,PMO - US,From RDC,N/A - From RDC,Truck,4/19/2013,N/A - From RDC,29-Nov-13,29-Nov-13,12-Dec-13,ARV,Adult,SCMS from RDC,"Nevirapine 200mg, tablets, 60 Tabs",Nevirapine,Generic,200mg,Tablet,60,180892,408815.92,2.26,0.04,Hetero Unit III Hyderabad IN,Yes,6502,34400.04,505.71
83271,100-ZM-T30,FPQ-13679,SO-48011,DN-3862,Zambia,PMO - US,From RDC,N/A - From RDC,Truck,2/2/2014,N/A - From RDC,6-Aug-14,6-Aug-14,22-Aug-14,ARV,Adult,SCMS from RDC,"Abacavir 300mg, tablets, 60 Tabs",Abacavir,Generic,300mg,Tablet,60,4636,52664.96,11.36,0.19,"Aurobindo Unit III, India",Yes,458,4130.15,54.14
55904,109-TZ-T30,FPQ-10619,SCMS-161830,ASN-17467,Tanzania,PMO - US,Direct Drop,EXW,Air,9/13/2012,10/4/2012,31-Dec-12,31-Dec-12,31-Dec-12,HRDT,HIV test,"Orgenics, Ltd","HIV 1/2, Determine Complete HIV Kit, 100 Tests","HIV 1/2, Determine Complete HIV Kit",Determine,,Test kit,100,2352,188160.0,80.0,0.8,"Alere Medical Co., Ltd.",Yes,1016,19026.72,263.8
23194,106-HT-T30,FPQ-7066,SCMS-100140,ASN-10007,Haiti,PMO - US,Direct Drop,FCA,Air,1/27/2011,2/15/2011,5-Apr-11,5-Apr-11,5-Apr-11,ARV,Pediatric,BRISTOL-MYERS SQUIBB,"Didanosine 25mg [Videx], chewable tablets, 60 Tabs",Didanosine,Videx,25mg,Chewable/dispersible tablet,60,160,1120.0,7.0,0.12,"BMS Meymac, France",Yes,43,1082.89,1.85
11479,110-ZM-T01,Pre-PQ Process,SO-1363,DN-607,Zambia,PMO - US,From RDC,N/A - From RDC,Air,Pre-PQ Process,N/A - From RDC,26-Feb-08,26-Feb-08,26-Feb-08,ARV,Adult,SCMS from RDC,"Lamivudine/Zidovudine 150/300mg, tablets, 60 Tabs",Lamivudine/Zidovudine,Generic,150/300mg,Tablet - FDC,60,27681,262969.5,9.5,0.16,"Aurobindo Unit III, India",Yes,2581,19832.46,420.75
68938,104-CI-T30,FPQ-13602,SCMS-228040,ASN-28479,Côte d'Ivoire,PMO - US,Direct Drop,EXW,Air,1/22/2014,2/27/2014,13-Oct-14,13-Oct-14,15-Oct-14,HRDT,HIV test,"CHEMBIO DIAGNOSTIC SYSTEMS, INC.","HIV 1/2, Stat-Pak HIV, Kit, 20 Tests","HIV 1/2, Stat-Pak HIV, Kit",Stat-Pak,,Test kit,20,530,16430.0,31.0,1.55,Chembio Diagnostics Sys. Inc.,Yes,219,2516.62,16.89
40100,116-ZA-T30,FPQ-12522,SCMS-199283,ASN-27980,South Africa,PMO - US,Direct Drop,DDP,Truck,7/11/2013,8/27/2014,27-Aug-14,27-Aug-14,27-Aug-14,ARV,Adult,S. BUYS WHOLESALER,"Lamivudine/Zidovudine 150/300mg, tablets, 60 Tabs",Lamivudine/Zidovudine,Generic,150/300mg,Tablet - FDC,60,19,626.77,32.99,0.55,Hetero Unit III Hyderabad IN,No,Weight Captured Separately,Freight Included in Commodity Cost,0.78
20172,111-MZ-T30,FPQ-10880,SCMS-164000,ASN-18532,Mozambique,PMO - US,Direct Drop,EXW,Air,10/18/2012,11/6/2012,20-Mar-13,21-Mar-13,21-Mar-13,HRDT,HIV test,"Orgenics, Ltd","HIV 1/2, Determine Complete HIV Kit, 100 Tests","HIV 1/2, Determine Complete HIV Kit",Determine,,Test kit,100,2939,235120.0,80.0,0.8,"Alere Medical Co., Ltd.",Yes,1330,13801.89,290.84
82464,114-UG-T30,FPQ-9321,SO-41520,DN-2597,Uganda,PMO - US,From RDC,N/A - From RDC,Truck,2/10/2012,N/A - From RDC,24-Apr-12,27-Feb-12,27-Feb-12,ARV,Adult,SCMS from RDC,"Nevirapine 200mg, tablets, 60 Tabs",Nevirapine,Generic,200mg,Tablet,60,1700,4267.0,2.51,0.04,"Strides, Bangalore, India.",No,See DN-2597 (ID#:82462),See DN-2597 (ID#:82462),5.98
11458,110-ZM-T01,Pre-PQ Process,SO-978,DN-397,Zambia,PMO - US,From RDC,N/A - From RDC,,Pre-PQ Process,N/A - From RDC,26-Nov-07,26-Nov-07,26-Nov-07,ARV,Adult,SCMS from RDC,"Efavirenz 600mg, tablets, 30 Tabs",Efavirenz,Generic,600mg,Tablet,30,44135,548156.7,12.42,0.41,"Aurobindo Unit III, India",Yes,4082,13484.72,877.05
30842,103-ZW-T30,FPQ-15398,SCMS-264880,ASN-29747,Zimbabwe,PMO - US,Direct Drop,EXW,Air,11/14/2014,11/17/2014,3-Feb-15,3-Feb-15,24-Feb-15,ARV,Pediatric,MYLAN LABORATORIES LTD (FORMERLY MATRIX LABORATORIES),"Lamivudine/Nevirapine/Zidovudine 30/50/60mg, dispersible tablets, 60 Tabs",Lamivudine/Nevirapine/Zidovudine,Generic,30/50/60mg,Chewable/dispersible tablet - FDC,60,813,2845.5,3.5,0.06,Mylan (formerly Matrix) Nashik,Yes,60,1344.94,3.35
78946,113-ZW-T30,FPQ-13939,SCMS-234720,ASN-26120,Zimbabwe,PMO - US,Direct Drop,EXW,Air,4/1/2014,5/8/2014,14-Jun-14,14-Jun-14,16-Jun-14,ARV,Adult,Aurobindo Pharma Limited,"Lamivudine/Tenofovir Disoproxil Fumarate 300/300mg, tablets, 30 Tabs",Lamivudine/Tenofovir Disoproxil Fumarate,Generic,300/300mg,Tablet - FDC,30,24540,114111.0,4.65,0.16,"Aurobindo Unit VII, IN",Yes,2448,20407.95,117.31
54487,111-MZ-T30,FPQ-13093,SCMS-211561,ASN-25197,Mozambique,PMO - US,Direct Drop,EXW,Air,10/15/2013,11/13/2013,2-May-14,30-May-14,30-May-14,HRDT,HIV test,"Orgenics, Ltd","HIV 1/2, Determine Complete HIV Kit, 100 Tests","HIV 1/2, Determine Complete HIV Kit",Determine,,Test kit,100,5102,408160.0,80.0,0.8,"Alere Medical Co., Ltd.",Yes,3543,13789.73,419.59
42858,107-RW-T30,FPQ-3859,SCMS-48872,ASN-6489,Rwanda,PMO - US,Direct Drop,CIP,Air,6/30/2009,7/7/2009,15-Apr-10,15-Apr-10,15-Apr-10,ARV,Adult,Aurobindo Pharma Limited,"Abacavir 300mg, tablets, 60 Tabs",Abacavir,Generic,300mg,Tablet,60,12730,246070.9,19.33,0.32,"Aurobindo Unit III, India",No,See ASN-6489 (ID#:23365),See ASN-6489 (ID#:23365),482.3
63438,109-TZ-T30,FPQ-12540,SCMS-198771,ASN-22834,Tanzania,PMO - US,Direct Drop,EXW,Air,7/3/2013,8/27/2013,27-Dec-13,27-Dec-13,27-Dec-13,ARV,Adult,CIPLA LIMITED,"Lamivudine/Nevirapine/Zidovudine 150/200/300mg, tablets, 60 Tabs",Lamivudine/Nevirapine/Zidovudine,Generic,150/300/200mg,Tablet - FDC,60,80516,652179.6,8.1,0.13,"Cipla, Goa, India",Yes,11646,50445.73,806.75
10537,111-MZ-T01,Pre-PQ Process,SO-322,DN-14,Mozambique,PMO - US,From RDC,N/A - From RDC,Air,Pre-PQ Process,N/A - From RDC,9-Jan-07,9-Jan-07,9-Jan-07,ARV,Adult,SCMS from RDC,"Efavirenz 600mg, tablets, 30 Tabs",Efavirenz,Generic,600mg,Tablet,30,10403,174250.25,16.75,0.56,"Aurobindo Unit III, India",Yes,1717,1893.82,
82788,900-TG-T30,FPQ-15916,SO-51080,DN-4184,Togo,PMO - US,From RDC,N/A - From RDC,Air,2/18/2015,N/A - From RDC,31-Mar-15,23-Mar-15,30-Mar-15,ARV,Adult,SCMS from RDC,"Lopinavir/Ritonavir 200/50mg, tablets, 120 Tabs",Lopinavir/Ritonavir,Generic,200/50mg,Tablet,120,6364,123207.04,19.36,0.16,"Aurobindo Unit III, India",Yes,1591,8834.07,145.01
68389,116-ZA-T30,FPQ-14942,SCMS-259072,ASN-30377,South Africa,PMO - US,Direct Drop,DDP,Truck,9/11/2014,1/26/2015,26-Jan-15,26-Jan-15,26-Jan-15,ARV,Pediatric,PHARMACY DIRECT,"Efavirenz 50mg, capsule, 30 Caps",Efavirenz,Generic,50mg,Capsule,30,9,19.55,2.17,0.07,"Aurobindo Unit III, India",No,Weight Captured Separately,Freight Included in Commodity Cost,0.02
82280,114-UG-T30,FPQ-4275,SO-33990,DN-1579,Uganda,PMO - US,From RDC,N/A - From RDC,Air,9/17/2009,N/A - From RDC,15-Jan-10,10-Dec-09,10-Dec-09,ARV,Adult,SCMS from RDC,"Zidovudine 300mg, tablets, 60 Tabs",Zidovudine,Generic,300mg,Tablet,60,4730,35616.9,7.53,0.13,"Aurobindo Unit III, India",Yes,260,1898.84,69.81
84079,106-HT-T30,FPQ-6484,SO-38080,DN-2176,Haiti,PMO - US,From RDC,N/A - From RDC,Air,10/13/2010,N/A - From RDC,24-Mar-11,28-Apr-11,28-Apr-11,ARV,Adult,SCMS from RDC,"Lamivudine 150mg, tablets, 60 Tabs",Lamivudine,Generic,150mg,Tablet,60,2111,4918.63,2.33,0.04,"Aurobindo Unit III, India",Yes,101,1697.33,10.6
71920,108-VN-T30,FPQ-10811,SCMS-164550,ASN-18970,Vietnam,PMO - US,Direct Drop,EXW,Air,10/15/2012,7/11/2012,15-May-13,15-May-13,15-May-13,ARV,Pediatric,STRIDES ARCOLAB LIMITED,"Lamivudine/Nevirapine/Zidovudine 30/50/60mg, dispersible tablets, 60 Tabs",Lamivudine/Nevirapine/Zidovudine,Generic,30/50/60mg,Chewable/dispersible tablet - FDC,60,1119,4476.0,4.0,0.07,"Strides, Bangalore, India.",No,See ASN-18970 (ID#:33422),See ASN-18970 (ID#:33422),5.54
35808,161-ZA-T30,FPQ-5303,SCMS-68750,ASN-8348,South Africa,PMO - US,Direct Drop,DDP,Air,3/18/2010,3/19/2010,13-Oct-10,27-Oct-10,27-Oct-10,ARV,Adult,CIPLA LIMITED,"Tenofovir Disoproxil Fumarate 300mg, tablets, 30 Tabs",Tenofovir Disoproxil Fumarate,Generic,300mg,Tablet,30,51920,406014.4,7.82,0.26,"Cipla, Goa, India",Yes,3549,3646.13,875.37
22620,901-NA-T30,FPQ-14728,SCMS-252640,ASN-28481,Namibia,PMO - US,Direct Drop,EXW,Air,7/30/2014,8/14/2014,22-Oct-14,22-Oct-14,22-Oct-14,ARV,Adult,HETERO LABS LIMITED,"Lamivudine/Tenofovir Disoproxil Fumarate 300/300mg, tablets, 30 Tabs",Lamivudine/Tenofovir Disoproxil Fumarate,Generic,300/300mg,Tablet - FDC,30,24096,111323.52,4.62,0.15,Hetero Unit III Hyderabad IN,Yes,2630,12463.74,114.44
84021,151-NG-T30,FPQ-5023,SO-36543,DN-1939,Nigeria,PMO - US,From RDC,N/A - From RDC,Air,2/10/2010,N/A - From RDC,15-Jul-10,28-Jun-10,28-Jun-10,ARV,Adult,SCMS from RDC,"Lamivudine/Zidovudine 150/300mg, tablets, 60 Tabs",Lamivudine/Zidovudine,Generic,150/300mg,Tablet - FDC,60,4674,40944.24,8.76,0.15,Mylan (formerly Matrix) Nashik,Yes,376,Freight Included in Commodity Cost,88.28
47443,114-UG-T30,FPQ-4085,SCMS-53080,ASN-5062,Uganda,PMO - US,Direct Drop,FCA,Air,8/25/2009,9/10/2009,20-Oct-09,20-Oct-09,20-Oct-09,ARV,Adult,ABBVIE LOGISTICS (FORMERLY ABBOTT LOGISTICS BV),"Lopinavir/Ritonavir 200/50mg [Aluvia], tablets, 120 Tabs",Lopinavir/Ritonavir,Aluvia,200/50mg,Tablet,120,120,4339.2,36.16,0.3,ABBVIE Ludwigshafen Germany,Yes,36,1025.69,8.5
41381,106-HT-T30,FPQ-11442,SCMS-177180,ASN-18919,Haiti,PMO - US,Direct Drop,EXW,Ocean,1/30/2013,3/11/2013,7-Aug-13,7-Aug-13,7-Aug-13,ARV,Adult,Aurobindo Pharma Limited,"Lamivudine 150mg, tablets, 60 Tabs",Lamivudine,Generic,150mg,Tablet,60,2430,5224.5,2.15,0.04,"Aurobindo Unit III, India",No,See ASN-18919 (ID#:14578),See ASN-18919 (ID#:14578),6.46
82604,102-BI-T30,FPQ-12602,SO-46010,DN-3335,Burundi,PMO - US,From RDC,N/A - From RDC,Air,7/9/2013,N/A - From RDC,3-Nov-13,5-Nov-13,12-Nov-13,ARV,Adult,SCMS from RDC,"Lamivudine/Zidovudine 150/300mg, tablets, 60 Tabs",Lamivudine/Zidovudine,Generic,150/300mg,Tablet - FDC,60,6141,42987.0,7.0,0.12,"Cipla, Goa, India",Yes,741,3810.39,53.17
18405,106-HT-T30,FPQ-11442,SCMS-177182,ASN-19520,Haiti,PMO - US,Direct Drop,EXW,Air,1/30/2013,3/11/2013,10-Jun-13,10-Jun-13,10-Jun-13,ARV,Pediatric,Aurobindo Pharma Limited,"Nevirapine 10mg/ml, oral suspension w/syringe, Bottle, 240 ml",Nevirapine,Generic,10mg/ml,Oral suspension,240,2052,3098.52,1.51,0.01,"Aurobindo Unit III, India",Yes,908,6438.91,3.83
62712,114-UG-T30,FPQ-15303,SCMS-264920,ASN-30994,Uganda,PMO - US,Direct Drop,FCA,Air,11/11/2014,11/25/2014,20-Mar-15,20-Mar-15,20-Mar-15,ARV,Pediatric,ABBVIE LOGISTICS (FORMERLY ABBOTT LOGISTICS BV),"Lopinavir/Ritonavir 80/20mg/ml [Kaletra], oral solution, cool, Bottle 5 x 60 ml",Lopinavir/Ritonavir,Kaletra,80/20mg/ml,Oral solution,300,150,4623.0,30.82,0.1,ABBVIE (Abbott) Logis. UK,Yes,170,2265.89,5.44
51410,106-HT-T30,FPQ-15038,SCMS-262910,ASN-30183,Haiti,PMO - US,Direct Drop,EXW,Ocean,10/22/2014,12/24/2014,13-Mar-15,13-Mar-15,18-Mar-15,ARV,Adult,Aurobindo Pharma Limited,"Efavirenz 600mg, tablets, 30 Tabs",Efavirenz,Generic,600mg,Tablet,30,39554,130528.2,3.3,0.11,"Aurobindo Unit VII, IN",Yes,3823,11051.22,134.18
84640,113-ZW-T30,FPQ-6470,SO-37850,DN-2181,Zimbabwe,PMO - US,From RDC,N/A - From RDC,Truck,10/13/2010,N/A - From RDC,31-Mar-11,20-May-11,20-May-11,ARV,Adult,SCMS from RDC,"Lamivudine/Nevirapine/Stavudine 150/200/30mg, tablets, 60 Tabs",Lamivudine/Nevirapine/Stavudine,Generic,150/200/30mg,Tablet - FDC,60,88719,493277.64,5.56,0.09,"Cipla, Goa, India",Yes,11668,15697.15,1063.51
55765,116-ZA-T30,FPQ-12523,SCMS-199315,ASN-27212,South Africa,PMO - US,Direct Drop,DDP,Truck,7/12/2013,7/11/2014,11-Jul-14,11-Jul-14,11-Jul-14,ARV,Pediatric,S. BUYS WHOLESALER,"Atazanavir 150mg [Reyataz], capsules, 60 Caps",Atazanavir,Reyataz,150mg,Capsule,60,1,25.69,25.69,0.43,"BMS Evansville, US",Yes,Weight Captured Separately,Freight Included in Commodity Cost,0.03
84622,104-CI-T30,FPQ-6495,SO-37720,DN-2122,Côte d'Ivoire,PMO - US,From RDC,N/A - From RDC,Air,10/4/2010,N/A - From RDC,31-Mar-11,15-Mar-11,15-Mar-11,ARV,Adult,SCMS from RDC,"Tenofovir Disoproxil Fumarate 300mg, tablets, 30 Tabs",Tenofovir Disoproxil Fumarate,Generic,300mg,Tablet,30,2240,14716.8,6.57,0.22,Mylan (formerly Matrix) Nashik,Yes,6542,18611.93,31.73
83341,151-NG-T30,FPQ-14989,SO-51429,DN-4292,Nigeria,PMO - US,From RDC,N/A - From RDC,Air Charter,9/19/2014,N/A - From RDC,30-Jun-15,2-Jun-15,17-Jun-15,ARV,Pediatric,SCMS from RDC,"Lamivudine/Nevirapine/Zidovudine 30/50/60mg, dispersible tablets, 60 Tabs",Lamivudine/Nevirapine/Zidovudine,Generic,30/50/60mg,Chewable/dispersible tablet - FDC,60,16495,59382.0,3.6,0.06,"Cipla, Goa, India",Yes,1636,5852.71,61.04
5119,104-CI-T01,Pre-PQ Process,SCMS-44050,ASN-3985,Côte d'Ivoire,PMO - US,Direct Drop,EXW,Air,Pre-PQ Process,4/15/2009,10-Jun-09,9-Jun-09,9-Jun-09,HRDT,HIV test,BIO-RAD LABORATORIES (FRANCE),"#108853** HIV, Genie II HIV-1/HIV-2 Kit, 40 Tests","HIV, Genie II HIV-1/HIV-2 Kit",Genie,,Test kit,40,476,52360.0,110.0,2.75,Bio-Rad Laboratories,Yes,534,9471.52,102.63
23387,116-ZA-T30,FPQ-14942,SCMS-259078,ASN-33470,South Africa,PMO - US,Direct Drop,DDP,Truck,9/11/2014,10/9/2014,24-Jul-15,24-Jul-15,24-Jul-15,ARV,Adult,PHARMACY DIRECT,"Lamivudine 150mg, tablets, 60 Tabs",Lamivudine,Generic,150mg,Tablet,60,74,521.82,7.05,0.12,"Aurobindo Unit III, India",No,Weight Captured Separately,Freight Included in Commodity Cost,0.54
84517,106-HT-T30,FPQ-4384,SO-34670,DN-1559,Haiti,PMO - US,From RDC,N/A - From RDC,Air,10/23/2009,N/A - From RDC,9-Dec-09,1-Dec-09,1-Dec-09,ARV,Adult,SCMS from RDC,"Stavudine 20mg, capsules, 60 Caps",Stavudine,Generic,20mg,Capsule,60,230,384.1,1.67,0.03,"Aurobindo Unit III, India",No,See DN-1559 (ID#:82849),See DN-1559 (ID#:82849),0.83
76374,107-RW-T30,FPQ-12518,SCMS-198221,ASN-23125,Rwanda,PMO - US,Direct Drop,EXW,Air,6/21/2013,8/12/2013,14-Dec-13,14-Dec-13,14-Dec-13,HRDT,HIV test,"SHANGHAI KEHUA BIOENGINEERING CO.,LTD.  (KHB)","HIV 1/2, SKB Colloidal Gold, Diagnostic Kit, Antibody, 50 Tests","HIV 1/2, Colloidal Gold, Diagnostic Kit, Antibody",Colloidal Gold,,Test kit,1,20481,501784.5,24.5,24.5,"KHB Test Kit Facility, Shanghai China",Yes,13656,139951.34,620.71
85174,202-GT-T30,FPQ-6943,SO-38270,DN-2100,Guatemala,PMO - US,From RDC,N/A - From RDC,Air,12/29/2010,N/A - From RDC,31-Jan-11,10-Feb-11,10-Feb-11,ARV,Adult,SCMS from RDC,"Abacavir 300mg, tablets, 60 Tabs",Abacavir,Generic,300mg,Tablet,60,2005,31077.5,15.5,0.26,Mylan (formerly Matrix) Nashik,Yes,2634,20805.8,51.28
71391,153-NA-T30,FPQ-9698,SCMS-144300,ASN-15068,Namibia,PMO - US,Direct Drop,EXW,Air,4/12/2012,5/2/2012,16-Jul-12,16-Jul-12,16-Jul-12,HRDT,HIV test,"Trinity Biotech, Plc","HIV 1/2, Uni-Gold HIV Kit, 20 Tests","HIV 1/2, Uni-Gold HIV Kit",Uni-Gold,,Test kit,20,416,13312.0,32.0,1.6,"Trinity Biotech, Plc",Yes,249,1640.99,18.66
11803,104-CI-T01,Pre-PQ Process,SO-1146,DN-402,Côte d'Ivoire,PMO - US,From RDC,N/A - From RDC,Air,Pre-PQ Process,N/A - From RDC,14-Dec-07,14-Dec-07,14-Dec-07,ARV,Adult,SCMS from RDC,"Tenofovir Disoproxil Fumarate 300mg [Viread], tablets, 30 Tabs",Tenofovir Disoproxil Fumarate,Viread,300mg,Tablet,30,2989,50813.0,17.0,0.57,Gilead(Nycomed) Oranienburg DE,Yes,186,2056.98,81.3
19243,111-MZ-T30,FPQ-7270,SCMS-103150,ASN-11149,Mozambique,PMO - US,Direct Drop,EXW,Air,3/4/2011,3/30/2011,3-Sep-11,3-Sep-11,3-Sep-11,HRDT,HIV test,"Orgenics, Ltd","HIV 1/2, Determine HIV Kit, without Lancets, 100 Tests","HIV 1/2, Determine HIV Kit, without Lancets",Determine,,Test kit,100,11800,916860.0,77.7,0.78,Inverness Japan,Yes,2675,4969.35,1512.82
10799,114-UG-T01,Pre-PQ Process,SO-33400,DN-1480,Uganda,PMO - US,From RDC,N/A - From RDC,Truck,Date Not Captured,N/A - From RDC,12-Oct-09,12-Oct-09,12-Oct-09,ARV,Adult,SCMS from RDC,"Lamivudine/Nevirapine/Zidovudine 150/200/300mg, tablets, 60 Tabs",Lamivudine/Nevirapine/Zidovudine,Generic,150/300/200mg,Tablet - FDC,60,14066,159649.1,11.35,0.19,"Aurobindo Unit III, India",Yes,1593,9547.7,312.91
24993,108-VN-T30,FPQ-13976,SCMS-236100,ASN-28777,Vietnam,PMO - US,Direct Drop,EXW,Air,4/8/2014,4/30/2014,26-Nov-14,26-Nov-14,26-Nov-14,ARV,Adult,MICRO LABS LIMITED,"Lamivudine 150mg, tablets, 60 Tabs",Lamivudine,Generic,150mg,Tablet,60,14500,24940.0,1.72,0.03,"Micro labs, Verna, Goa, India",No,See ASN-28777 (ID#:22196),See ASN-28777 (ID#:22196),25.64
83748,111-MZ-T30,FPQ-12573,SO-46170,DN-3554,Mozambique,PMO - US,From RDC,N/A - From RDC,Truck,6/28/2013,N/A - From RDC,31-Mar-14,28-Mar-14,4-Apr-14,ARV,Adult,SCMS from RDC,"Abacavir/Lamivudine 600/300mg, scored tablets, 30 Tabs",Abacavir/Lamivudine,Generic,600/300mg,Tablet - FDC,30,4837,65396.24,13.52,0.45,Mylan (formerly Matrix) Nashik,Yes,1102,8406.81,80.9
5076,116-ZA-T01,Pre-PQ Process,SCMS-42260,ASN-4333,South Africa,PMO - US,Direct Drop,DDP,Truck,Pre-PQ Process,4/2/2009,21-Apr-09,17-Apr-09,17-Apr-09,ARV,Adult,S. BUYS WHOLESALER,"Tenofovir Disoproxil Fumarate 300mg [Viread], tablets, 30 Tabs",Tenofovir Disoproxil Fumarate,Viread,300mg,Tablet,30,250,5315.0,21.26,0.71,"Aspen-OSD, Port Elizabeth, SA",Yes,Weight Captured Separately,Freight Included in Commodity Cost,10.42
29317,108-VN-T30,FPQ-12051,SCMS-188671,ASN-24431,Vietnam,PMO - US,Direct Drop,EXW,Air,5/3/2013,12/19/2013,20-Mar-14,20-Mar-14,20-Mar-14,ARV,Adult,Aurobindo Pharma Limited,"Nevirapine 200mg, tablets, 60 Tabs",Nevirapine,Generic,200mg,Tablet,60,6000,13500.0,2.25,0.04,"Aurobindo Unit III, India",Yes,594,1113.01,16.7
11542,106-HT-T01,Pre-PQ Process,SO-2601,DN-788,Haiti,PMO - US,From RDC,N/A - From RDC,Air,Pre-PQ Process,N/A - From RDC,1-Jul-08,1-Jul-08,1-Jul-08,ARV,Pediatric,SCMS from RDC,"Efavirenz 200mg, capsule, 90 Caps",Efavirenz,Generic,200mg,Capsule,90,105,1680.0,16.0,0.18,"Aurobindo Unit III, India",Yes,14,1015.24,2.69
86319,117-ET-T30,FPQ-5967,SO-37100,DN-1951,Ethiopia,PMO - US,From RDC,N/A - From RDC,Air,6/28/2010,N/A - From RDC,21-Sep-10,19-Jul-10,19-Jul-10,ARV,Adult,SCMS from RDC,"Lamivudine/Nevirapine/Stavudine 150/200/30mg, tablets, 60 Tabs",Lamivudine/Nevirapine/Stavudine,Generic,150/200/30mg,Tablet - FDC,60,11485,65809.05,5.73,0.1,"Strides, Bangalore, India.",No,See DN-1951 (ID#:84026),See DN-1951 (ID#:84026),141.88
85440,111-MZ-T30,FPQ-13123,SO-47081,DN-3558,Mozambique,PMO - US,From RDC,N/A - From RDC,Truck,10/21/2013,N/A - From RDC,15-Apr-14,28-Mar-14,4-Apr-14,ARV,Adult,SCMS from RDC,"Lamivudine/Tenofovir Disoproxil Fumarate 300/300mg, tablets, 30 Tabs",Lamivudine/Tenofovir Disoproxil Fumarate,Generic,300/300mg,Tablet - FDC,30,1638,7698.6,4.7,0.16,"Cipla, Kurkumbh, India",No,See DN-3558 (ID#:83766),See DN-3558 (ID#:83766),7.91
61550,106-HT-T30,FPQ-12590,SCMS-210540,ASN-24368,Haiti,PMO - US,Direct Drop,EXW,Air,8/21/2013,10/25/2013,17-Jun-14,17-Jun-14,20-Jun-14,ARV,Adult,MYLAN LABORATORIES LTD (FORMERLY MATRIX LABORATORIES),"Lamivudine/Zidovudine 150/300mg, tablets, 60 Tabs",Lamivudine/Zidovudine,Generic,150/300mg,Tablet - FDC,60,24024,155915.76,6.49,0.11,Mylan (formerly Matrix) Nashik,Yes,2082,16574.55,192.87
12879,123-NG-T01,Pre-PQ Process,SO-23430,DN-1183,Nigeria,PMO - US,From RDC,N/A - From RDC,Air Charter,Pre-PQ Process,N/A - From RDC,8-May-09,8-May-09,8-May-09,ARV,Adult,SCMS from RDC,"Lamivudine/Zidovudine 150/300mg, tablets, 60 Tabs",Lamivudine/Zidovudine,Generic,150/300mg,Tablet - FDC,60,35000,327250.0,9.35,0.16,"Aurobindo Unit III, India",Yes,3162,15128.37,641.41
85967,114-UG-T30,FPQ-11133,SO-43881,DN-3156,Uganda,PMO - US,From RDC,N/A - From RDC,Truck,12/13/2012,N/A - From RDC,31-May-13,30-May-13,30-May-13,ARV,Adult,SCMS from RDC,"Lamivudine/Tenofovir Disoproxil Fumarate 300/300mg, tablets, 30 Tabs",Lamivudine/Tenofovir Disoproxil Fumarate,Generic,300/300mg,Tablet - FDC,30,1380,6486.0,4.7,0.16,"Aurobindo Unit VII, IN",Yes,142,1034.64,8.02
83640,151-NG-T30,FPQ-9968,SO-43432,DN-2943,Nigeria,PMO - US,From RDC,N/A - From RDC,Air,5/23/2012,N/A - From RDC,4-Dec-12,4-Dec-12,4-Dec-12,ARV,Adult,SCMS from RDC,"Lamivudine/Zidovudine 150/300mg, tablets, 60 Tabs",Lamivudine/Zidovudine,Generic,150/300mg,Tablet - FDC,60,187168,1444936.96,7.72,0.13,"Aurobindo Unit III, India",Yes,18234,51090,2025.8
82505,110-ZM-T30,FPQ-8476,SO-40956,DN-2832,Zambia,PMO - US,From RDC,N/A - From RDC,Truck,9/27/2011,N/A - From RDC,17-Sep-12,7-Sep-12,7-Sep-12,ARV,Adult,SCMS from RDC,"Zidovudine 300mg, tablets, 60 Tabs",Zidovudine,Generic,300mg,Tablet,60,16258,109904.08,6.76,0.11,Mylan (formerly Matrix) Nashik,Yes,2321,7317.48,181.34
83707,114-UG-T30,FPQ-12473,SO-45880,DN-3263,Uganda,PMO - US,From RDC,N/A - From RDC,Air,6/11/2013,N/A - From RDC,27-Sep-13,27-Sep-13,27-Sep-13,ARV,Adult,SCMS from RDC,"Lamivudine/Tenofovir Disoproxil Fumarate 300/300mg, tablets, 30 Tabs",Lamivudine/Tenofovir Disoproxil Fumarate,Generic,300/300mg,Tablet - FDC,30,65615,308390.5,4.7,0.16,"Aurobindo Unit VII, IN",No,See DN-3263 (ID#:83150),See DN-3263 (ID#:83150),381.48
10553,110-ZM-T01,Pre-PQ Process,SO-537,DN-143,Zambia,PMO - US,From RDC,N/A - From RDC,,Pre-PQ Process,N/A - From RDC,21-May-07,21-May-07,21-May-07,HRDT,HIV test,SCMS from RDC,"HIV 1/2, Uni-Gold HIV Kit, 20 Tests","HIV 1/2, Uni-Gold HIV Kit",Uni-Gold,,Test kit,20,5212,166784.0,32.0,1.6,"Trinity Biotech, Plc",Yes,1780,13736.03,
10972,117-ET-T01,Pre-PQ Process,SO-1518,DN-634,Ethiopia,PMO - US,From RDC,N/A - From RDC,Air,Pre-PQ Process,N/A - From RDC,21-Mar-08,21-Mar-08,21-Mar-08,ARV,Adult,SCMS from RDC,"Lamivudine/Zidovudine 150/300mg, tablets, 60 Tabs",Lamivudine/Zidovudine,Generic,150/300mg,Tablet - FDC,60,65524,622478.0,9.5,0.16,"Aurobindo Unit III, India",Yes,14599,32146.52,995.96
84682,104-CI-T30,FPQ-8295,SO-40750,DN-2420,Côte d'Ivoire,PMO - US,From RDC,N/A - From RDC,Truck,8/25/2011,N/A - From RDC,9-Dec-11,19-Nov-11,19-Nov-11,ARV,Adult,SCMS from RDC,"Tenofovir Disoproxil Fumarate 300mg, tablets, 30 Tabs",Tenofovir Disoproxil Fumarate,Generic,300mg,Tablet,30,3040,19516.8,6.42,0.21,Mylan (formerly Matrix) Nashik,No,See DN-2420 (ID#:82989),See DN-2420 (ID#:82989),32.2
54676,161-ZA-T30,FPQ-5303,SCMS-68950,ASN-7101,South Africa,PMO - US,Direct Drop,DDP,Air,3/18/2010,3/19/2010,11-Jun-10,11-Jun-10,11-Jun-10,ARV,Adult,Aurobindo Pharma Limited,"Lamivudine 150mg, tablets, 60 Tabs",Lamivudine,Generic,150mg,Tablet,60,67120,169813.6,2.53,0.04,"Aurobindo Unit III, India",Yes,3230,4116.81,366.12
1196,102-BW-T01,Pre-PQ Process,SCMS-46071,ASN-4324,Botswana,PMO - US,Direct Drop,EXW,Air,Pre-PQ Process,5/27/2009,12-Jun-09,10-Jul-09,10-Jul-09,HRDT,HIV test,Orasure Technologies Inc.,"HIV 1/2, OraQuick Advance HIV Rapid Antibody Kit, 100 Tests","HIV 1/2, OraQuick Advance HIV Rapid Antibody Kit",OraQuick,,Test kit,100,5,1750.0,350.0,3.5,"Pacific Biotech, Thailand",Yes,12,684.42,3.43
85232,111-MZ-T30,FPQ-7053,SO-38630,DN-2516,Mozambique,PMO - US,From RDC,N/A - From RDC,Truck,1/24/2011,N/A - From RDC,29-Feb-12,8-Mar-12,8-Mar-12,ARV,Pediatric,SCMS from RDC,"Nevirapine 10mg/ml, oral suspension w/syringe, Bottle, 240 ml",Nevirapine,Generic,10mg/ml,Oral suspension,240,41998,81896.1,1.95,0.01,"Aurobindo Unit III, India",Yes,12489,9458.64,135.13
53106,106-HT-T30,FPQ-11443,SCMS-180940,ASN-19819,Haiti,PMO - US,Direct Drop,EXW,Ocean,2/7/2013,3/22/2013,2-Sep-13,2-Sep-13,2-Sep-13,ARV,Pediatric,Aurobindo Pharma Limited,"Abacavir/Lamivudine 60/30mg, tablets, 60 Tabs",Abacavir/Lamivudine,Generic,60/30mg,Tablet - FDC,60,1393,6407.8,4.6,0.08,"Aurobindo Unit III, India",No,See ASN-19819 (ID#:13739),See ASN-19819 (ID#:13739),7.93
12718,106-HT-T01,Pre-PQ Process,SO-1099,DN-372,Haiti,PMO - US,From RDC,N/A - From RDC,,Pre-PQ Process,N/A - From RDC,6-Oct-07,6-Oct-07,6-Oct-07,HRDT,HIV test,SCMS from RDC,"HIV 1/2, Determine Complete HIV Kit, 100 Tests","HIV 1/2, Determine Complete HIV Kit",Determine,,Test kit,100,600,43200.0,72.0,0.72,ABBVIE GmbH & Co.KG Wiesbaden,Yes,137,1732.74,69.12
82866,151-NG-T30,FPQ-4537,SO-34911,DN-1710,Nigeria,PMO - US,From RDC,N/A - From RDC,Air Charter,11/6/2009,N/A - From RDC,19-Apr-10,31-Mar-10,31-Mar-10,ARV,Adult,SCMS from RDC,"Efavirenz 600mg, tablets, 30 Tabs",Efavirenz,Generic,600mg,Tablet,30,139303,714624.39,5.13,0.17,"Aurobindo Unit III, India",Yes,11982,Freight Included in Commodity Cost,1540.73
1675,116-ZA-T01,Pre-PQ Process,SCMS-19800,ASN-1665,South Africa,PMO - US,Direct Drop,DDP,Truck,Pre-PQ Process,2/20/2008,24-Apr-08,24-Apr-08,24-Apr-08,ARV,Adult,S. BUYS WHOLESALER,"Tenofovir Disoproxil Fumarate 300mg [Viread], tablets, 30 Tabs",Tenofovir Disoproxil Fumarate,Viread,300mg,Tablet,30,500,10925.0,21.85,0.73,"Aspen-OSD, Port Elizabeth, SA",No,Weight Captured Separately,Freight Included in Commodity Cost,17.48
8590,116-ZA-T01,Pre-PQ Process,SCMS-26820,ASN-2488,South Africa,PMO - US,Direct Drop,DDP,Truck,Pre-PQ Process,Date Not Captured,10-Jul-08,8-Jul-08,8-Jul-08,ARV,Pediatric,S. BUYS WHOLESALER,"Lopinavir/Ritonavir 80/20mg/ml [Kaletra], oral solution, cool, Bottle 5 x 60 ml",Lopinavir/Ritonavir,Kaletra,80/20mg/ml,Oral solution,300,10,354.6,35.46,0.12,ABBVIE (Abbott) Logis. UK,No,Weight Captured Separately,Freight Included in Commodity Cost,0.57
69754,110-ZM-T30,FPQ-4691,SCMS-60710,ASN-6289,Zambia,PMO - US,Direct Drop,EXW,Air,12/16/2009,12/22/2009,18-Mar-10,18-Mar-10,18-Mar-10,HRDT,HIV test,"Orgenics, Ltd","HIV 1/2, Determine Complete HIV Kit, 100 Tests","HIV 1/2, Determine Complete HIV Kit",Determine,,Test kit,100,2100,151200.0,72.0,0.72,Inverness Japan,Yes,1016,16061.5,325.99
6451,110-ZM-T01,Pre-PQ Process,SCMS-42620,ASN-4357,Zambia,PMO - US,Direct Drop,EXW,Air,Pre-PQ Process,4/2/2009,10-Jul-09,10-Jul-09,10-Jul-09,HRDT,HIV test,"Trinity Biotech, Plc","HIV 1/2, Uni-Gold HIV Kit, 20 Tests","HIV 1/2, Uni-Gold HIV Kit",Uni-Gold,,Test kit,20,7000,224000.0,32.0,1.6,"Trinity Biotech, Plc",Yes,2379,21686.21,439.04
85742,113-ZW-T30,FPQ-6470,SO-37830,DN-2127,Zimbabwe,PMO - US,From RDC,N/A - From RDC,Truck,10/13/2010,N/A - From RDC,31-Mar-11,17-Mar-11,17-Mar-11,ARV,Adult,SCMS from RDC,"Efavirenz 600mg, tablets, 30 Tabs",Efavirenz,Generic,600mg,Tablet,30,6392,27741.28,4.34,0.14,Mylan (formerly Matrix) Nashik,No,See DN-2127 (ID#:82371),See DN-2127 (ID#:82371),59.81
82282,110-ZM-T30,FPQ-4029,SO-34920,DN-1586,Zambia,PMO - US,From RDC,N/A - From RDC,Truck,8/5/2009,N/A - From RDC,15-Jan-10,9-Dec-09,9-Dec-09,ARV,Adult,SCMS from RDC,"Zidovudine 300mg, tablets, 60 Tabs",Zidovudine,Generic,300mg,Tablet,60,10000,75300.0,7.53,0.13,"Aurobindo Unit III, India",Yes,546,2412.99,147.59
10901,110-ZM-T01,Pre-PQ Process,SO-976,DN-384,Zambia,PMO - US,From RDC,N/A - From RDC,,Pre-PQ Process,N/A - From RDC,29-Oct-07,29-Oct-07,29-Oct-07,ARV,Pediatric,SCMS from RDC,"Lamivudine 10mg/ml, oral solution, Bottle, 240 ml",Lamivudine,Generic,10mg/ml,Oral solution,240,5496,10827.12,1.97,0.01,"Aurobindo Unit III, India",Yes,6230,25739.49,17.32
17831,102-SD-T30,FPQ-7321,SCMS-107790,ASN-11120,Sudan,PMO - US,Direct Drop,EXW,Air,3/29/2011,5/2/2011,1-Jul-11,1-Jul-11,1-Jul-11,HRDT,HIV test,"Orgenics, Ltd","HIV 1/2, Determine Complete HIV Kit, 100 Tests","HIV 1/2, Determine Complete HIV Kit",Determine,,Test kit,100,378,33642.0,89.0,0.89,Inverness Japan,Yes,180,4529.86,55.51
83117,106-HT-T30,FPQ-11281,SO-44400,DN-3015,Haiti,PMO - US,From RDC,N/A - From RDC,Air,1/16/2013,N/A - From RDC,9-Apr-13,14-Mar-13,14-Mar-13,ARV,Adult,SCMS from RDC,"Lamivudine/Nevirapine/Zidovudine 150/200/300mg, tablets, 60 Tabs",Lamivudine/Nevirapine/Zidovudine,Generic,150/300/200mg,Tablet - FDC,60,39072,335237.76,8.58,0.14,Hetero Unit III Hyderabad IN,No,See DN-3015 (ID#:82554),See DN-3015 (ID#:82554),414.69
12632,110-ZM-T01,Pre-PQ Process,SO-309,DN-98,Zambia,PMO - US,From RDC,N/A - From RDC,,Pre-PQ Process,N/A - From RDC,27-Apr-07,27-Apr-07,27-Apr-07,ARV,Adult,SCMS from RDC,"Nevirapine 200mg, tablets, 60 Tabs",Nevirapine,Generic,200mg,Tablet,60,43470,155187.9,3.57,0.06,"Ranbaxy, Paonta Shahib, India",Yes,4398,18137.64,
63817,106-HT-T30,FPQ-9066,SCMS-138630,ASN-14843,Haiti,PMO - US,Direct Drop,EXW,Ocean,1/6/2012,2/23/2012,3-Jul-12,3-Jul-12,3-Jul-12,ARV,Adult,MYLAN LABORATORIES LTD (FORMERLY MATRIX LABORATORIES),"Efavirenz/Lamivudine/Tenofovir Disoproxil Fumarate 600/300/300mg, tablets, 30 Tabs",Efavirenz/Lamivudine/Tenofovir Disoproxil Fumarate,Generic,600/300/300mg,Tablet - FDC,30,47970,676377.0,14.1,0.47,Mylan (formerly Matrix) Nashik,Yes,5438,23708.81,948.28
85256,151-NG-T30,FPQ-8952,SO-41252,DN-2631,Nigeria,PMO - US,From RDC,N/A - From RDC,Air Charter,12/8/2011,N/A - From RDC,4-Jul-12,30-Apr-12,30-Apr-12,ARV,Adult,SCMS from RDC,"Lamivudine/Nevirapine/Zidovudine 150/200/300mg, tablets, 60 Tabs",Lamivudine/Nevirapine/Zidovudine,Generic,150/300/200mg,Tablet - FDC,60,326131,3587441.0,11.0,0.18,Mylan (formerly Matrix) Nashik,Yes,46522,27441.22,5029.59
86741,101-CD-T30,FPQ-14576,SO-49290,DN-3975,"Congo, DRC",PMO - US,From RDC,N/A - From RDC,Air,7/14/2014,N/A - From RDC,30-Jan-15,18-Feb-15,23-Feb-15,ARV,Adult,SCMS from RDC,"Lamivudine 150mg, tablets, 60 Tabs",Lamivudine,Generic,150mg,Tablet,60,1976,3438.24,1.74,0.03,"Aurobindo Unit III, India",No,See DN-3975 (ID#:82748),See DN-3975 (ID#:82748),3.53
35444,109-TZ-T30,FPQ-12588,SCMS-200840,ASN-22941,Tanzania,PMO - US,Direct Drop,FCA,Air,7/15/2013,8/9/2013,31-Dec-13,31-Dec-13,3-Jan-14,ARV,Pediatric,ABBVIE LOGISTICS (FORMERLY ABBOTT LOGISTICS BV),"Lopinavir/Ritonavir 100/25mg [Aluvia], tablets, 60 Tabs",Lopinavir/Ritonavir,Generic,100/25mg,Tablet,60,1764,10478.16,5.94,0.1,ABBVIE Ludwigshafen Germany,Yes,209,2177.56,12.96
81627,108-VN-T30,FPQ-7427,SCMS-105510,ASN-11735,Vietnam,PMO - US,Direct Drop,EXW,Air,3/31/2011,4/14/2011,13-Sep-11,13-Sep-11,13-Sep-11,ARV,Adult,HETERO LABS LIMITED,"Efavirenz 600mg, tablets, 30 Tabs",Efavirenz,Generic,600mg,Tablet,30,30000,123900.0,4.13,0.14,Hetero Unit III Hyderabad IN,Yes,2957,14589.33,204.44
85938,101-CD-T30,FPQ-11096,SO-43750,DN-3017,"Congo, DRC",PMO - US,From RDC,N/A - From RDC,Air,11/20/2012,N/A - From RDC,18-Mar-13,8-Aug-13,8-Aug-13,ARV,Pediatric,SCMS from RDC,"Zidovudine 10mg/ml, oral solution w/syringe, Bottle, 240 ml",Zidovudine,Generic,10mg/ml,Oral solution,240,738,1549.8,2.1,0.01,"Aurobindo Unit III, India",No,See DN-3017 (ID#:83108),See DN-3017 (ID#:83108),1.92
48757,116-ZA-T30,FPQ-11828,SCMS-183950,ASN-19166,South Africa,South Africa Field Office,Direct Drop,DDP,Truck,3/18/2013,Date Not Captured,16-Apr-13,16-Apr-13,16-Apr-13,ARV,Adult,S. BUYS WHOLESALER,"Abacavir 300mg, tablets, 60 Tabs",Abacavir,Generic,300mg,Tablet,60,114,7956.64,69.8,1.16,"Cipla, Patalganga, India",No,Weight Captured Separately,Freight Included in Commodity Cost,9.84
64351,161-ZA-T30,FPQ-7175,SCMS-103510,ASN-11803,South Africa,PMO - US,Direct Drop,DDP,Ocean,3/10/2011,3/24/2011,10-Oct-11,10-Oct-11,10-Oct-11,ARV,Adult,Aurobindo Pharma Limited,"Efavirenz 600mg, tablets, 30 Tabs",Efavirenz,Generic,600mg,Tablet,30,90273,407131.23,4.51,0.15,"Aurobindo Unit III, India",Yes,Weight Captured Separately,Freight Included in Commodity Cost,671.77
11526,104-CI-T01,Pre-PQ Process,SO-1284,DN-586,Côte d'Ivoire,PMO - US,From RDC,N/A - From RDC,Air,Pre-PQ Process,N/A - From RDC,5-Feb-08,5-Feb-08,5-Feb-08,ARV,Adult,SCMS from RDC,"Indinavir 400mg [Crixivan], capsules, 180 Caps",Indinavir,Crixivan,400mg,Capsule,180,1550,77500.0,50.0,0.28,"MSD, Haarlem, NL",Yes,345,1888.48,124.0
80924,116-ZA-T30,FPQ-12522,SCMS-199289,ASN-28034,South Africa,PMO - US,Direct Drop,DDP,Truck,7/11/2013,8/29/2014,29-Aug-14,29-Aug-14,29-Aug-14,ARV,Adult,S. BUYS WHOLESALER,"Lamivudine/Nevirapine/Stavudine 150/200/30mg, tablets, 60 Tabs",Lamivudine/Nevirapine/Stavudine,Generic,150/200/30mg,Tablet - FDC,60,13,393.18,30.24,0.5,"Cipla, Goa, India",No,Weight Captured Separately,Freight Included in Commodity Cost,0.49
26895,901-CM-T30,FPQ-12837,SCMS-204290,ASN-23339,Cameroon,PMO - US,Direct Drop,EXW,Air,8/19/2013,8/23/2013,8-Jan-14,8-Jan-14,10-Jan-14,ARV,Adult,Aurobindo Pharma Limited,"Efavirenz/Lamivudine/Tenofovir Disoproxil Fumarate 600/300/300mg, tablets, 30 Tabs",Efavirenz/Lamivudine/Tenofovir Disoproxil Fumarate,Generic,600/300/300mg,Tablet - FDC,30,1531,17070.65,11.15,0.37,"Aurobindo Unit VII, IN",Yes,Weight Captured Separately,Invoiced Separately,21.12
28160,116-ZA-T30,FPQ-14942,SCMS-259083,ASN-33330,South Africa,PMO - US,Direct Drop,DDP,Truck,9/11/2014,7/14/2015,14-Jul-15,14-Jul-15,14-Jul-15,ARV,Pediatric,PHARMACY DIRECT,"Lopinavir/Ritonavir 80/20mg/ml [Kaletra], oral solution, cool, Bottle 5 x 60 ml",Lopinavir/Ritonavir,Kaletra,80/20mg/ml,Oral solution,300,4,68.56,17.14,0.06,ABBVIE (Abbott) Logis. UK,Yes,Weight Captured Separately,Freight Included in Commodity Cost,0.07
76772,116-ZA-T30,FPQ-13035,SCMS-215370,ASN-24415,South Africa,PMO - US,Direct Drop,DDP,Truck,10/8/2013,12/2/2013,6-Feb-14,6-Feb-14,6-Feb-14,ARV,Adult,S. BUYS WHOLESALER,"Lamivudine 150mg [Epivir], tablets, 60 Tabs",Lamivudine,Epivir,150mg,Tablet,60,1281,14728.5,11.5,0.19,GSK Cape Town Factory (South Africa),No,Weight Captured Separately,Freight Included in Commodity Cost,18.22
82627,109-TZ-T30,FPQ-12587,SO-45998,DN-3505,Tanzania,PMO - US,From RDC,N/A - From RDC,Truck,7/4/2013,N/A - From RDC,31-Jan-14,19-Feb-14,24-Feb-14,ARV,Adult,SCMS from RDC,"Lopinavir/Ritonavir 200/50mg [Aluvia], tablets, 120 Tabs",Lopinavir/Ritonavir,Aluvia,200/50mg,Tablet,120,909,17743.68,19.52,0.16,ABBVIE Ludwigshafen Germany,Yes,8820,3541.59,21.95
82618,105-GY-T30,FPQ-12619,SO-46090,DN-3425,Guyana,PMO - US,From RDC,N/A - From RDC,Air,7/16/2013,N/A - From RDC,31-Dec-13,2-Dec-13,20-Dec-13,ARV,Adult,SCMS from RDC,"Zidovudine 300mg, tablets, 60 Tabs",Zidovudine,Generic,300mg,Tablet,60,1016,5669.28,5.58,0.09,"Aurobindo Unit III, India",Yes,615,8420.68,7.01
21028,116-ZA-T30,FPQ-12522,SCMS-199289,ASN-28037,South Africa,PMO - US,Direct Drop,DDP,Truck,7/11/2013,8/29/2014,29-Aug-14,29-Aug-14,29-Aug-14,ARV,Adult,S. BUYS WHOLESALER,"Didanosine 400mg, delayed-release capsules, 30 Caps",Didanosine,Generic,400mg,Delayed-release capsules,30,23,499.23,21.71,0.72,"Aurobindo Unit III, India",No,Weight Captured Separately,Freight Included in Commodity Cost,0.62
5799,116-ZA-T01,Pre-PQ Process,SCMS-23500,ASN-2300,South Africa,PMO - US,Direct Drop,DDP,Truck,Pre-PQ Process,Date Not Captured,20-Aug-08,14-May-08,14-May-08,ARV,Adult,S. BUYS WHOLESALER,"Abacavir 300mg [Ziagen], tablets, Blister 6 x 10 Tabs",Abacavir,Ziagen,300mg,Tablet - blister,60,8,397.92,49.74,0.83,GSK Ware (UK),No,Weight Captured Separately,Freight Included in Commodity Cost,0.64
82762,105-GY-T30,FPQ-15217,SO-50030,DN-4056,Guyana,PMO - US,From RDC,N/A - From RDC,Air,10/22/2014,N/A - From RDC,30-Jan-15,6-Jan-15,29-Jan-15,ARV,Adult,SCMS from RDC,"Abacavir 300mg, tablets, 60 Tabs",Abacavir,Generic,300mg,Tablet,60,62,687.58,11.09,0.18,Mylan (formerly Matrix) Nashik,Yes,6,865.15,0.81
86501,114-UG-T30,FPQ-9876,SO-42311,DN-2780,Uganda,PMO - US,From RDC,N/A - From RDC,Air,5/15/2012,N/A - From RDC,11-Sep-12,8-Aug-12,8-Aug-12,ARV,Adult,SCMS from RDC,"Lopinavir/Ritonavir 200/50mg, tablets, 120 Tabs",Lopinavir/Ritonavir,Generic,200/50mg,Tablet,120,2427,72033.36,29.68,0.25,Mylan (formerly Matrix) Nashik,Yes,647,7263.17,100.99
1047,106-HT-T01,Pre-PQ Process,SCMS-40000,ASN-3675,Haiti,PMO - US,Direct Drop,CIP,Air,Pre-PQ Process,3/6/2009,31-Mar-09,31-Mar-09,31-Mar-09,ARV,Pediatric,BRISTOL-MYERS SQUIBB,"Didanosine 2g [Videx], powder for oral solution 10mg/ml, reconstitute to 200 ml",Didanosine,Videx,2g,Powder for oral solution,200,32,402.88,12.59,0.06,"BMS Meymac, France",No,See ASN-3675 (ID#:1046),See ASN-3675 (ID#:1046),0.79
33719,116-ZA-T30,FPQ-14942,SCMS-295800,ASN-33865,South Africa,PMO - US,Direct Drop,DDP,Truck,9/11/2014,8/24/2015,24-Aug-15,24-Aug-15,24-Aug-15,ARV,Pediatric,PHARMACY DIRECT,"Lamivudine 10mg/ml, oral solution, Bottle, 240 ml",Lamivudine,Generic,10mg/ml,Oral solution,240,17,91.92,5.41,0.02,"Aurobindo Unit III, India",No,Weight Captured Separately,Freight Included in Commodity Cost,0.09
74660,107-RW-T30,FPQ-6186,SCMS-83370,ASN-9435,Rwanda,PMO - US,Direct Drop,CIP,Air,8/13/2010,9/27/2010,11-Jan-11,11-Jan-11,11-Jan-11,ARV,Adult,HETERO LABS LIMITED,"Efavirenz 600mg, tablets, 30 Tabs",Efavirenz,Generic,600mg,Tablet,30,1396,6044.68,4.33,0.14,Hetero Unit III Hyderabad IN,Yes,Weight Captured Separately,Freight Included in Commodity Cost,13.03
82606,113-ZW-T30,FPQ-10895,SO-43560,DN-3342,Zimbabwe,PMO - US,From RDC,N/A - From RDC,Truck,10/25/2012,N/A - From RDC,30-Sep-13,9-Oct-13,18-Oct-13,ARV,Adult,SCMS from RDC,"Efavirenz/Lamivudine/Tenofovir Disoproxil Fumarate 600/300/300mg, tablets, 30 Tabs",Efavirenz/Lamivudine/Tenofovir Disoproxil Fumarate,Generic,600/300/300mg,Tablet - FDC,30,20160,224784.0,11.15,0.37,Mylan (formerly Matrix) Nashik,Yes,22074,21108.57,278.06
85501,104-CI-T30,FPQ-13628,SO-47880,DN-3803,Côte d'Ivoire,PMO - US,From RDC,N/A - From RDC,Truck,1/29/2014,N/A - From RDC,28-Nov-14,9-Jul-14,7-Aug-14,ARV,Pediatric,SCMS from RDC,"Abacavir/Lamivudine 60/30mg, tablets, 60 Tabs",Abacavir/Lamivudine,Generic,60/30mg,Tablet - FDC,60,2863,11709.67,4.09,0.07,Mylan (formerly Matrix) Nashik,No,See DN-3803 (ID#:83260),See DN-3803 (ID#:83260),12.04
11585,119-NA-T01,Pre-PQ Process,SO-15510,DN-953,Namibia,PMO - US,From RDC,N/A - From RDC,Truck,Pre-PQ Process,N/A - From RDC,30-Oct-08,30-Oct-08,30-Oct-08,ARV,Pediatric,SCMS from RDC,"Lamivudine/Nevirapine/Stavudine 30/50/6mg, dispersible tablets, 60 Tabs",Lamivudine/Nevirapine/Stavudine,Generic,30/50/6mg,Chewable/dispersible tablet - FDC,60,1008,2509.92,2.49,0.04,"Cipla, Goa, India",Yes,303,2989.45,4.92
12909,114-UG-T01,Pre-PQ Process,SO-31440,DN-1408,Uganda,PMO - US,From RDC,N/A - From RDC,Ocean,Date Not Captured,N/A - From RDC,15-Sep-09,15-Sep-09,15-Sep-09,ARV,Adult,SCMS from RDC,"Lamivudine/Nevirapine/Zidovudine 150/200/300mg, tablets, 60 Tabs",Lamivudine/Nevirapine/Zidovudine,Generic,150/300/200mg,Tablet - FDC,60,8784,99698.4,11.35,0.19,Mylan (formerly Matrix) Nashik,Yes,1118,7338.54,195.41
11018,106-HT-T01,Pre-PQ Process,SO-15950,DN-945,Haiti,PMO - US,From RDC,N/A - From RDC,Air,Pre-PQ Process,N/A - From RDC,27-Oct-08,27-Oct-08,27-Oct-08,ARV,Adult,SCMS from RDC,"Efavirenz 600mg, tablets, 30 Tabs",Efavirenz,Generic,600mg,Tablet,30,8192,90112.0,11.0,0.37,Mylan (formerly Matrix) Nashik,Yes,9516,101348.75,144.18
83604,104-CI-T30,FPQ-8790,SO-41191,DN-2754,Côte d'Ivoire,PMO - US,From RDC,N/A - From RDC,Air,11/11/2011,N/A - From RDC,31-Jul-12,31-Jul-12,31-Jul-12,ARV,Adult,SCMS from RDC,"Lamivudine/Nevirapine/Zidovudine 150/200/300mg, tablets, 60 Tabs",Lamivudine/Nevirapine/Zidovudine,Generic,150/300/200mg,Tablet - FDC,60,20000,196200.0,9.81,0.16,"Strides, Bangalore, India.",No,See DN-2754 (ID#:82491),See DN-2754 (ID#:82491),275.07
61658,116-ZA-T30,FPQ-15269,SCMS-267020,ASN-29764,South Africa,PMO - US,Direct Drop,DDP,Truck,10/29/2014,12/10/2014,10-Dec-14,10-Dec-14,10-Dec-14,ARV,Adult,S. BUYS WHOLESALER,"Emtricitabine/Tenofovir Disoproxil Fumarate 200/300mg, tablets, 30 Tabs",Emtricitabine/Tenofovir Disoproxil Fumarate,Generic,200/300mg,Tablet - FDC,30,2,53.51,26.76,0.89,"Aurobindo Unit III, India",No,Weight Captured Separately,Freight Included in Commodity Cost,0.06
84061,110-ZM-T30,FPQ-6222,SO-37350,DN-2117,Zambia,PMO - US,From RDC,N/A - From RDC,Truck,8/20/2010,N/A - From RDC,31-Mar-11,7-Mar-11,7-Mar-11,ARV,Adult,SCMS from RDC,"Emtricitabine/Tenofovir Disoproxil Fumarate 200/300mg, tablets, 30 Tabs",Emtricitabine/Tenofovir Disoproxil Fumarate,Generic,200/300mg,Tablet - FDC,30,200000,2184000.0,10.92,0.36,Mylan (formerly Matrix) Nashik,Yes,43128,34543.36,4708.7
18862,106-HT-T30,FPQ-12041,SCMS-189141,ASN-21848,Haiti,PMO - US,Direct Drop,EXW,Air,4/26/2013,5/21/2013,11-Nov-13,11-Nov-13,13-Nov-13,HRDT,HIV test,"Orgenics, Ltd","HIV 1/2, Determine Complete HIV Kit, 100 Tests","HIV 1/2, Determine Complete HIV Kit",Determine,,Test kit,100,4000,400000.0,100.0,1.0,"Alere Medical Co., Ltd.",Yes,1624,16994.9,494.8
85353,102-BI-T30,FPQ-11661,SO-44670,DN-3118,Burundi,PMO - US,From RDC,N/A - From RDC,Air,2/20/2013,N/A - From RDC,31-May-13,23-May-13,23-May-13,ARV,Adult,SCMS from RDC,"Nevirapine 200mg, tablets, 60 Tabs",Nevirapine,Generic,200mg,Tablet,60,450,1017.0,2.26,0.04,Hetero Unit III Hyderabad IN,No,See DN-3118 (ID#:82569),See DN-3118 (ID#:82569),1.26
50802,109-TZ-T30,FPQ-13048,SCMS-212160,ASN-22844,Tanzania,PMO - US,Direct Drop,EXW,Air,10/3/2013,10/28/2013,31-Dec-13,31-Dec-13,3-Jan-14,ARV,Adult,Aurobindo Pharma Limited,"Zidovudine 300mg, tablets, 60 Tabs",Zidovudine,Generic,300mg,Tablet,60,11500,62445.0,5.43,0.09,"Aurobindo Unit III, India",Yes,632,4168.19,77.24
29616,108-VN-T30,FPQ-16194,SCMS-285500,ASN-33267,Vietnam,PMO - US,Direct Drop,EXW,Air,4/14/2015,5/13/2015,3-Sep-15,3-Sep-15,3-Sep-15,ARV,Adult,HETERO LABS LIMITED,"Efavirenz/Lamivudine/Tenofovir Disoproxil Fumarate 600/300/300mg, tablets, 30 Tabs",Efavirenz/Lamivudine/Tenofovir Disoproxil Fumarate,Generic,600/300/300mg,Tablet - FDC,30,17952,170544.0,9.5,0.32,Hetero Unit III Hyderabad IN,Yes,Weight Captured Separately,Invoiced Separately,200.73
15727,123-NG-T30,FPQ-7743,SCMS-111240,ASN-12090,Nigeria,PMO - US,Direct Drop,EXW,Air,5/23/2011,6/15/2011,23-Sep-11,23-Sep-11,23-Sep-11,ACT,ACT,NOVARTIS PHARMA SERVICES AG,"Artemether/Lumefantrine 20/120mg [Coartem], scored tablets, Blister 30 x 24 Tabs",Artemether/Lumefantrine,Coartem,20/120mg,Tablet - FDC + blister,720,1000,39000.0,39.0,0.05,"Novartis Pharma Suffern, USA",Yes,711,5433.21,64.35
35065,114-UG-T30,FPQ-8498,SCMS-126390,ASN-13437,Uganda,PMO - US,Direct Drop,DDP,Air,10/18/2011,10/31/2011,4-Jan-12,4-Jan-12,4-Jan-12,ARV,Adult,ASPEN PHARMACARE,"Darunavir 300mg [Prezista], tablets, 120 Tabs",Darunavir,Prezista,300mg,Tablet,120,165,15140.4,91.76,0.76,"Aspen-OSD, Port Elizabeth, SA",Yes,24,297,24.98
34459,108-VN-T30,FPQ-9576,SCMS-149030,ASN-16137,Vietnam,PMO - US,Direct Drop,EXW,Air,4/11/2012,6/8/2012,28-Sep-12,28-Sep-12,28-Sep-12,ARV,Adult,HETERO LABS LIMITED,"Lamivudine/Zidovudine 150/300mg, tablets, 60 Tabs",Lamivudine/Zidovudine,Generic,150/300mg,Tablet - FDC,60,7760,59364.0,7.65,0.13,Hetero Unit III Hyderabad IN,Yes,675,1587.92,83.23
85483,111-MZ-T30,FPQ-13575,SO-47702,DN-3744,Mozambique,PMO - US,From RDC,N/A - From RDC,Truck,1/17/2014,N/A - From RDC,31-Aug-14,18-Jul-14,7-Aug-14,ARV,Adult,SCMS from RDC,"Efavirenz/Lamivudine/Tenofovir Disoproxil Fumarate 600/300/300mg, tablets, 30 Tabs",Efavirenz/Lamivudine/Tenofovir Disoproxil Fumarate,Generic,600/300/300mg,Tablet - FDC,30,165917,1788585.26,10.78,0.36,Hetero Unit III Hyderabad IN,Yes,45740,31113.19,1838.67
72088,116-ZA-T30,FPQ-12522,SCMS-199280,ASN-24433,South Africa,PMO - US,Direct Drop,DDP,Truck,7/11/2013,8/13/2013,7-Feb-14,7-Feb-14,7-Feb-14,ARV,Adult,S. BUYS WHOLESALER,"Zidovudine 300mg, tablets, 60 Tabs",Zidovudine,Generic,300mg,Tablet,60,12,325.33,27.11,0.45,Mylan (formerly Matrix) Nashik,No,Weight Captured Separately,Freight Included in Commodity Cost,0.4
9000,106-HT-T01,Pre-PQ Process,SCMS-40050,ASN-3743,Haiti,PMO - US,Direct Drop,EXW,Air,Pre-PQ Process,3/6/2009,21-Apr-09,21-Apr-09,21-Apr-09,ARV,Adult,MYLAN LABORATORIES LTD (FORMERLY MATRIX LABORATORIES),"Tenofovir Disoproxil Fumarate 300mg, tablets, 30 Tabs",Tenofovir Disoproxil Fumarate,Generic,300mg,Tablet,30,560,5040.0,9.0,0.3,Mylan (formerly Matrix) Nashik,Yes,32050,806.55,9.88
86327,104-CI-T30,FPQ-5925,SO-37141,DN-1983,Côte d'Ivoire,PMO - US,From RDC,N/A - From RDC,Air,6/23/2010,N/A - From RDC,31-Aug-10,23-Aug-10,23-Aug-10,ARV,Adult,SCMS from RDC,"Stavudine 15mg, capsules, 60 Caps",Stavudine,Generic,15mg,Capsule,60,864,1296.0,1.5,0.02,"Aurobindo Unit III, India",No,See DN-1983 (ID#:82347),See DN-1983 (ID#:82347),2.79
19293,111-MZ-T30,FPQ-3588,SCMS-45670,ASN-5525,Mozambique,PMO - US,Direct Drop,CIP,Air,3/25/2009,5/13/2009,4-Dec-09,4-Dec-09,4-Dec-09,ARV,Adult,GLAXOSMITHKLINE EXPORT LIMITED,"Abacavir/Lamivudine/Zidovudine 300/150/300mg [Trizivir], tablets, 60 Tabs",Abacavir/Lamivudine/Zidovudine,Trizivir,300/150/300mg,Tablet - FDC,60,4,214.84,53.71,0.9,GSK Ware (UK),Yes,155,Freight Included in Commodity Cost,0.42
83829,105-GY-T30,FPQ-14042,SO-48520,DN-3844,Guyana,PMO - US,From RDC,N/A - From RDC,Air,4/9/2014,N/A - From RDC,30-Sep-14,30-Jul-14,5-Sep-14,ARV,Adult,SCMS from RDC,"Lamivudine 150mg, tablets, 60 Tabs",Lamivudine,Generic,150mg,Tablet,60,320,556.8,1.74,0.03,"Aurobindo Unit III, India",No,See DN-3844 (ID#:82710),See DN-3844 (ID#:82710),0.57
12897,110-ZM-T01,Pre-PQ Process,SO-17640,DN-1324,Zambia,PMO - US,From RDC,N/A - From RDC,Air,Date Not Captured,N/A - From RDC,4-Sep-09,4-Sep-09,4-Sep-09,ARV,Adult,SCMS from RDC,"Efavirenz 600mg, tablets, 30 Tabs",Efavirenz,Generic,600mg,Tablet,30,22260,244860.0,11.0,0.37,"Aurobindo Unit III, India",Yes,1921,2448.71,479.93
7128,116-ZA-T01,Pre-PQ Process,SCMS-23500,ASN-2300,South Africa,PMO - US,Direct Drop,DDP,Truck,Pre-PQ Process,Date Not Captured,20-Aug-08,14-May-08,14-May-08,ARV,Pediatric,S. BUYS WHOLESALER,"Lamivudine 10mg/ml [Epivir], oral solution, Bottle, 240 ml",Lamivudine,Epivir,10mg/ml,Oral solution,240,470,2942.2,6.26,0.03,GSK Mississauga (Canada),No,Weight Captured Separately,Freight Included in Commodity Cost,4.71
85651,114-UG-T30,FPQ-4325,SO-34080,DN-1631,Uganda,PMO - US,From RDC,N/A - From RDC,Truck,9/23/2009,N/A - From RDC,19-Mar-10,29-Jan-10,29-Jan-10,ARV,Adult,SCMS from RDC,"Nevirapine 200mg, tablets, 60 Tabs",Nevirapine,Generic,200mg,Tablet,60,5184,15033.6,2.9,0.05,"Aurobindo Unit III, India",Yes,507,1576.8,29.47
42394,113-ZW-T30,FPQ-10041,SCMS-150030,ASN-15987,Zimbabwe,PMO - US,Direct Drop,EXW,Air,6/13/2012,7/2/2012,18-Sep-12,18-Sep-12,18-Sep-12,HRDT,HIV test - Ancillary,"Orgenics, Ltd","Chase Buffer, Determine, 100 Tests, 2.5ml x 1 Vial","Chase Buffer, Determine, 100 Tests, 2.5ml x 1 Vial",Determine,,Test kit - Ancillary,1,5060,25300.0,5.0,5.0,"Alere Medical Co., Ltd.",Yes,2486,46552.3,35.47
84272,110-ZM-T30,FPQ-11032,SO-43830,DN-3203,Zambia,PMO - US,From RDC,N/A - From RDC,Truck,11/28/2012,N/A - From RDC,18-Jul-13,23-Jul-13,23-Jul-13,ARV,Adult,SCMS from RDC,"Efavirenz/Emtricitabine/Tenofovir Disoproxil Fumarate 600/200/300mg, tablets, 30 Tabs",Efavirenz/Emtricitabine/Tenofovir Disoproxil Fumarate,Generic,600/200/300mg,Tablet - FDC,30,176213,2283720.48,12.96,0.43,Mylan (formerly Matrix) Nashik,Yes,19962,31401.08,2824.96
85714,109-TZ-T30,FPQ-5237,SO-37180,DN-2040,Tanzania,PMO - US,From RDC,N/A - From RDC,Truck,3/1/2010,N/A - From RDC,30-Nov-10,3-Dec-10,3-Dec-10,ARV,Adult,SCMS from RDC,"Nevirapine 200mg, tablets, 60 Tabs",Nevirapine,Generic,200mg,Tablet,60,110000,283800.0,2.58,0.04,"Aurobindo Unit III, India",Yes,12543,1979.75,611.87
84288,109-TZ-T30,FPQ-12587,SO-45992,DN-3326,Tanzania,PMO - US,From RDC,N/A - From RDC,Truck,7/4/2013,N/A - From RDC,20-Nov-13,10-Sep-13,10-Sep-13,ARV,Adult,SCMS from RDC,"Abacavir 300mg, tablets, 60 Tabs",Abacavir,Generic,300mg,Tablet,60,13370,153220.2,11.46,0.19,"Aurobindo Unit III, India",Yes,1337,10540.22,189.53
86801,111-MZ-T30,FPQ-13575,SO-47707,DN-4234,Mozambique,PMO - US,From RDC,N/A - From RDC,Truck,1/17/2014,N/A - From RDC,29-May-15,15-Jun-15,15-Jun-15,ARV,Adult,SCMS from RDC,"Lamivudine/Nevirapine/Zidovudine 150/200/300mg, tablets, 60 Tabs",Lamivudine/Nevirapine/Zidovudine,Generic,150/300/200mg,Tablet - FDC,60,28516,220143.52,7.72,0.13,Hetero Unit III Hyderabad IN,Yes,3772,3567.08,226.31
66762,104-CI-T30,FPQ-9394,SCMS-141420,ASN-14873,Côte d'Ivoire,PMO - US,Direct Drop,EXW,Air,2/28/2012,3/22/2012,31-May-12,31-May-12,31-May-12,HRDT,HIV test,"Orgenics, Ltd","HIV 1/2, Determine Complete HIV Kit, 100 Tests","HIV 1/2, Determine Complete HIV Kit",Determine,,Test kit,100,3000,240000.0,80.0,0.8,"Alere Medical Co., Ltd.",Yes,1428,28142.92,336.48
84142,101-CD-T30,FPQ-8840,SO-41383,DN-2524,"Congo, DRC",PMO - US,From RDC,N/A - From RDC,Air,11/21/2011,N/A - From RDC,22-Mar-12,22-Mar-12,22-Mar-12,ARV,Adult,SCMS from RDC,"Lamivudine 150mg, tablets, 60 Tabs",Lamivudine,Generic,150mg,Tablet,60,23,53.59,2.33,0.04,Hetero Unit III Hyderabad IN,Yes,1,522.42,0.08
83072,110-ZM-T30,FPQ-9472,SO-41703,DN-2834,Zambia,PMO - US,From RDC,N/A - From RDC,Truck,3/8/2012,N/A - From RDC,24-Sep-12,7-Sep-12,7-Sep-12,ARV,Adult,SCMS from RDC,"Emtricitabine/Tenofovir Disoproxil Fumarate 200/300mg, tablets, 30 Tabs",Emtricitabine/Tenofovir Disoproxil Fumarate,Generic,200/300mg,Tablet - FDC,30,107175,762014.25,7.11,0.24,Mylan (formerly Matrix) Nashik,Yes,8709,7317.47,1068.34
12089,111-MZ-T01,Pre-PQ Process,SO-298,DN-304,Mozambique,PMO - US,From RDC,N/A - From RDC,Air,Pre-PQ Process,N/A - From RDC,21-Sep-07,21-Sep-07,21-Sep-07,ARV,Adult,SCMS from RDC,"Abacavir 300mg, tablets, 60 Tabs",Abacavir,Generic,300mg,Tablet,60,960,34080.0,35.5,0.59,"Aurobindo Unit III, India",No,See DN-304 (ID#:10589),See DN-304 (ID#:10589),54.53
5050,116-ZA-T01,Pre-PQ Process,SCMS-41180,ASN-3778,South Africa,PMO - US,Direct Drop,DDP,Air,Pre-PQ Process,Date Not Captured,3-Apr-09,11-Feb-09,11-Feb-09,ARV,Adult,S. BUYS WHOLESALER,"Stavudine 20mg [Zerit], capsules, 60 Caps",Stavudine,Zerit,20mg,Capsule,60,300,1179.0,3.93,0.07,"BMS Meymac, France",Yes,Weight Captured Separately,Freight Included in Commodity Cost,2.31
86249,123-NG-T30,FPQ-4014,SO-32973,DN-1593,Nigeria,PMO - US,From RDC,N/A - From RDC,Air Charter,7/27/2009,N/A - From RDC,31-Jan-10,18-Dec-09,18-Dec-09,ARV,Adult,SCMS from RDC,"Lamivudine/Zidovudine 150/300mg, tablets, 60 Tabs",Lamivudine/Zidovudine,Generic,150/300mg,Tablet - FDC,60,11949,104673.24,8.76,0.15,"Aurobindo Unit III, India",Yes,1084,11637.65,205.16
84074,111-MZ-T30,FPQ-7053,SO-38670,DN-2160,Mozambique,PMO - US,From RDC,N/A - From RDC,Truck,1/24/2011,N/A - From RDC,31-May-11,6-Apr-11,6-Apr-11,ARV,Adult,SCMS from RDC,"Lamivudine 150mg, tablets, 60 Tabs",Lamivudine,Generic,150mg,Tablet,60,4050,9436.5,2.33,0.04,"Aurobindo Unit III, India",Yes,195,3495.81,15.57
85711,151-NG-T30,FPQ-5688,SO-37500,DN-2025,Nigeria,PMO - US,From RDC,N/A - From RDC,Air,5/27/2010,N/A - From RDC,22-Oct-10,10-Nov-10,10-Nov-10,ARV,Adult,SCMS from RDC,"Efavirenz/Emtricitabine/Tenofovir Disoproxil Fumarate 600/200/300mg, tablets, 30 Tabs",Efavirenz/Emtricitabine/Tenofovir Disoproxil Fumarate,Generic,600/200/300mg,Tablet - FDC,30,33162,660587.04,19.92,0.66,Mylan (formerly Matrix) Nashik,No,See DN-2025 (ID#:83460),See DN-2025 (ID#:83460),1424.23
66840,109-TZ-T30,FPQ-4157,SCMS-52772,ASN-6356,Tanzania,PMO - US,Direct Drop,EXW,Air,8/27/2009,9/3/2009,24-May-10,24-May-10,24-May-10,HRDT,HIV test,"Trinity Biotech, Plc","HIV 1/2, Uni-Gold HIV Kit, 20 Tests","HIV 1/2, Uni-Gold HIV Kit",Uni-Gold,,Test kit,20,794,25408.0,32.0,1.6,"Trinity Biotech, Plc",Yes,277,3174.13,49.8
66307,108-VN-T30,FPQ-11560,SCMS-177620,ASN-20367,Vietnam,PMO - US,Direct Drop,EXW,Air,2/7/2013,2/13/2013,1-Aug-13,1-Aug-13,1-Aug-13,ARV,Adult,MYLAN LABORATORIES LTD (FORMERLY MATRIX LABORATORIES),"Efavirenz/Lamivudine/Tenofovir Disoproxil Fumarate 600/300/300mg, tablets, 30 Tabs",Efavirenz/Lamivudine/Tenofovir Disoproxil Fumarate,Generic,600/300/300mg,Tablet - FDC,30,32673,375412.77,11.49,0.38,Mylan (formerly Matrix) Nashik,Yes,3425,11077.85,464.39
12922,100-GH-T01,Pre-PQ Process,SO-33650,DN-1473,Ghana,PMO - US,From RDC,N/A - From RDC,Truck,Date Not Captured,N/A - From RDC,30-Sep-09,12-Aug-09,12-Aug-09,ARV,Pediatric,SCMS from RDC,"Lopinavir/Ritonavir 80/20mg/ml [Kaletra], oral solution, cool, Bottle 5 x 60 ml",Lopinavir/Ritonavir,Kaletra,80/20mg/ml,Oral solution,300,276,2.76,0.01,0.0,ABBVIE (Abbott) Logis. UK,No,See DN-1473 (ID#:11358),See DN-1473 (ID#:11358),0.01
86049,104-CI-T30,FPQ-12144,SO-45650,DN-3556,Côte d'Ivoire,PMO - US,From RDC,N/A - From RDC,Truck,4/22/2013,N/A - From RDC,28-Feb-14,1-Mar-14,3-Apr-14,ARV,Adult,SCMS from RDC,"Abacavir/Lamivudine 600/300mg, scored tablets, 30 Tabs",Abacavir/Lamivudine,Generic,600/300mg,Tablet - FDC,30,611,8260.72,13.52,0.45,Mylan (formerly Matrix) Nashik,Yes,55,1335.15,10.22
86510,151-NG-T30,FPQ-9432,SO-42936,DN-2818,Nigeria,PMO - US,From RDC,N/A - From RDC,Air,3/1/2012,N/A - From RDC,31-Aug-12,13-Aug-12,13-Aug-12,ARV,Adult,SCMS from RDC,"Nevirapine 200mg, tablets, 60 Tabs",Nevirapine,Generic,200mg,Tablet,60,86761,209961.62,2.42,0.04,Hetero Unit III Hyderabad IN,No,See DN-2818 (ID#:85894),See DN-2818 (ID#:85894),294.37
76113,111-MZ-T30,FPQ-13395,SCMS-219220,ASN-25452,Mozambique,PMO - US,Direct Drop,EXW,Air,12/11/2013,12/17/2013,2-May-14,2-May-14,7-May-14,ARV,Adult,HETERO LABS LIMITED,"Lamivudine/Nevirapine/Zidovudine 150/200/300mg, tablets, 60 Tabs",Lamivudine/Nevirapine/Zidovudine,Generic,150/300/200mg,Tablet - FDC,60,33792,274053.12,8.11,0.14,Hetero Unit III Hyderabad IN,Yes,4610,16835.52,281.73
23750,109-TZ-T30,FPQ-11919,SCMS-205460,ASN-22365,Tanzania,PMO - US,Direct Drop,EXW,Air,3/25/2013,9/11/2013,23-Dec-13,23-Dec-13,3-Jan-14,HRDT,HIV test,"Trinity Biotech, Plc","HIV 1/2, Uni-Gold HIV Kit, 20 Tests","HIV 1/2, Uni-Gold HIV Kit",Uni-Gold,,Test kit,20,3,96.0,32.0,1.6,"Trinity Biotech, Plc",Yes,0,1002.35,0.12
85136,151-NG-T30,FPQ-5023,SO-36411,DN-1966,Nigeria,PMO - US,From RDC,N/A - From RDC,Air Charter,2/10/2010,N/A - From RDC,9-Aug-10,17-Aug-10,17-Aug-10,ARV,Adult,SCMS from RDC,"Emtricitabine/Tenofovir Disoproxil Fumarate 200/300mg, tablets, 30 Tabs",Emtricitabine/Tenofovir Disoproxil Fumarate,Generic,200/300mg,Tablet - FDC,30,3000,35250.0,11.75,0.39,Mylan (formerly Matrix) Nashik,Yes,270,6147.18,76.0
27820,114-UG-T30,FPQ-7617,SCMS-109060,ASN-11530,Uganda,PMO - US,Direct Drop,DDP,Air,4/29/2011,5/12/2011,22-Jul-11,22-Jul-11,22-Jul-11,ARV,Adult,ASPEN PHARMACARE,"Etravirine 100mg [Intelence], tablets, 120 Tabs",Etravirine,Intelence,100mg,Tablet,120,93,7839.9,84.3,0.7,"Janssen-Cilag, Latina, IT",Yes,22,140,12.94
83043,113-ZW-T30,FPQ-8464,SO-40901,DN-2695,Zimbabwe,PMO - US,From RDC,N/A - From RDC,Truck,10/4/2011,N/A - From RDC,11-Dec-12,27-Jun-12,27-Jun-12,ARV,Adult,SCMS from RDC,"Lamivudine/Nevirapine/Stavudine 150/200/30mg, tablets, 60 Tabs",Lamivudine/Nevirapine/Stavudine,Generic,150/200/30mg,Tablet - FDC,60,71030,333841.0,4.7,0.08,"Strides, Bangalore, India.",Yes,6990,5530.11,550.84
7120,108-VN-T01,Pre-PQ Process,SCMS-23440,ASN-2335,Vietnam,PMO - US,Direct Drop,EXW,Air,Pre-PQ Process,5/13/2008,20-Sep-08,20-Sep-08,20-Sep-08,ARV,Adult,MYLAN LABORATORIES LTD (FORMERLY MATRIX LABORATORIES),"Tenofovir Disoproxil Fumarate 300mg, tablets, 30 Tabs",Tenofovir Disoproxil Fumarate,Generic,300mg,Tablet,30,672,9179.52,13.66,0.46,Mylan (formerly Matrix) Nashik,No,See ASN-2335 (ID#:5796),See ASN-2335 (ID#:5796),14.69
82896,104-CI-T30,FPQ-5201,SO-36360,DN-1879,Côte d'Ivoire,PMO - US,From RDC,N/A - From RDC,Air,3/3/2010,N/A - From RDC,9-Jul-10,5-Jul-10,5-Jul-10,ARV,Adult,SCMS from RDC,"Nevirapine 200mg, tablets, 60 Tabs",Nevirapine,Generic,200mg,Tablet,60,12000,32760.0,2.73,0.05,"Strides, Bangalore, India.",Yes,733,5121.68,70.63
31909,108-VN-T30,FPQ-13034,SCMS-210150,ASN-24571,Vietnam,PMO - US,Direct Drop,EXW,Air,10/4/2013,10/10/2013,22-Apr-14,22-Apr-14,22-Apr-14,ARV,Adult,HETERO LABS LIMITED,"Efavirenz/Lamivudine/Tenofovir Disoproxil Fumarate 600/300/300mg, tablets, 30 Tabs",Efavirenz/Lamivudine/Tenofovir Disoproxil Fumarate,Generic,600/300/300mg,Tablet - FDC,30,21252,223146.0,10.5,0.35,Hetero Unit III Hyderabad IN,Yes,2982,8036.88,276.03
86059,114-UG-T30,FPQ-13108,SO-46880,DN-3583,Uganda,PMO - US,From RDC,N/A - From RDC,Truck,10/16/2013,N/A - From RDC,30-Apr-14,18-Apr-14,7-May-14,ARV,Adult,SCMS from RDC,"Lopinavir/Ritonavir 200/50mg, tablets, 120 Tabs",Lopinavir/Ritonavir,Generic,200/50mg,Tablet,120,26960,541087.2,20.07,0.17,"Aurobindo Unit III, India",Yes,Weight Captured Separately,Invoiced Separately,556.24
7922,104-CI-T01,Pre-PQ Process,SCMS-21,ASN-15,Côte d'Ivoire,PMO - US,Direct Drop,FCA,Air,Pre-PQ Process,Date Not Captured,16-Sep-06,16-Sep-06,16-Sep-06,HRDT,HIV test,Abbott GmbH & Co. KG,"HIV 1/2, Determine Complete HIV Kit, 100 Tests","HIV 1/2, Determine Complete HIV Kit",Determine,,Test kit,100,500,40000.0,80.0,0.8,ABBVIE GmbH & Co.KG Wiesbaden,Yes,171,1275.12,
5976,117-ET-T01,Pre-PQ Process,SCMS-28720,ASN-2579,Ethiopia,PMO - US,Direct Drop,EXW,Air,Pre-PQ Process,8/22/2008,6-Oct-08,3-Oct-08,3-Oct-08,HRDT,HIV test,"SHANGHAI KEHUA BIOENGINEERING CO.,LTD.  (KHB)","HIV 1/2, SKB Colloidal Gold, Diagnostic Kit, Antibody, 50 Tests","HIV 1/2, Colloidal Gold, Diagnostic Kit, Antibody",Colloidal Gold,,Test kit,1,6998,160954.0,23.0,23.0,"KHB Test Kit Facility, Shanghai China",Yes,5057,44347.71,257.53
83447,151-NG-T30,FPQ-5023,SO-37060,DN-1959,Nigeria,PMO - US,From RDC,N/A - From RDC,Air Charter,2/10/2010,N/A - From RDC,16-Aug-10,17-Aug-10,17-Aug-10,ARV,Adult,SCMS from RDC,"Lamivudine/Nevirapine/Zidovudine 150/200/300mg, tablets, 60 Tabs",Lamivudine/Nevirapine/Zidovudine,Generic,150/300/200mg,Tablet - FDC,60,7000,78540.0,11.22,0.19,"Aurobindo Unit III, India",Yes,922,6147.18,169.33
11331,126-NG-T01,Pre-PQ Process,SO-26270,DN-1277,Nigeria,PMO - US,From RDC,N/A - From RDC,Air Charter,Pre-PQ Process,N/A - From RDC,16-Jun-09,16-Jun-09,16-Jun-09,ARV,Adult,SCMS from RDC,"Lamivudine/Tenofovir Disoproxil Fumarate 300/300mg, tablets, 30 Tabs",Lamivudine/Tenofovir Disoproxil Fumarate,Generic,300/300mg,Tablet - FDC,30,11000,126500.0,11.5,0.38,Mylan (formerly Matrix) Nashik,Yes,966,7329.83,247.94
20671,161-ZA-T30,FPQ-7175,SCMS-123590,ASN-13057,South Africa,PMO - US,Direct Drop,DDP,Ocean,3/10/2011,9/30/2011,16-Jan-12,23-Jan-12,23-Jan-12,ARV,Adult,Aurobindo Pharma Limited,"Efavirenz 600mg, tablets, 30 Tabs",Efavirenz,Generic,600mg,Tablet,30,91772,390948.72,4.26,0.14,"Aurobindo Unit III, India",Yes,7797,7292.27,645.07
11507,112-NG-T01,Pre-PQ Process,SO-1570,DN-535,Nigeria,PMO - US,From RDC,N/A - From RDC,Air,Pre-PQ Process,N/A - From RDC,9-Jan-08,9-Jan-08,9-Jan-08,ARV,Adult,SCMS from RDC,"Lamivudine 150mg, tablets, 60 Tabs",Lamivudine,Generic,150mg,Tablet,60,451,1371.04,3.04,0.05,"Aurobindo Unit III, India",No,See DN-535 (ID#:10658),See DN-535 (ID#:10658),2.19
11893,117-ET-T01,Pre-PQ Process,SO-1518,DN-634,Ethiopia,PMO - US,From RDC,N/A - From RDC,Air,Pre-PQ Process,N/A - From RDC,21-Mar-08,21-Mar-08,21-Mar-08,ARV,Adult,SCMS from RDC,"Nevirapine 200mg, tablets, 60 Tabs",Nevirapine,Generic,200mg,Tablet,60,100731,342485.4,3.4,0.06,"Ranbaxy, Paonta Shahib, India",No,See DN-634 (ID#:10972),See DN-634 (ID#:10972),547.98
72240,151-NG-T30,FPQ-16312,SCMS-287710,ASN-33334,Nigeria,PMO - US,Direct Drop,EXW,Air,5/4/2015,5/7/2015,7-Aug-15,7-Aug-15,10-Aug-15,ARV,Adult,EMCURE PHARMACEUTICALS LTD,"Atazanavir/Ritonavir 300/100mg, tablets, 30 Tabs",Atazanavir/Ritonavir,Generic,300/100mg,Tablet,30,6878,123804.0,18.0,0.6,"Emcure Plot No.P-2, I.T-B.T. Park, Phase II, MIDC, Hinjwadi, Pune, India",Yes,Weight Captured Separately,Invoiced Separately,145.72
11516,114-UG-T01,Pre-PQ Process,SO-1302,DN-489,Uganda,PMO - US,From RDC,N/A - From RDC,Air,Pre-PQ Process,N/A - From RDC,15-Jan-08,15-Jan-08,15-Jan-08,ARV,Adult,SCMS from RDC,"Lamivudine/Zidovudine 150/300mg, tablets, 60 Tabs",Lamivudine/Zidovudine,Generic,150/300mg,Tablet - FDC,60,2084,19798.0,9.5,0.16,"Aurobindo Unit III, India",Yes,237,1154.5,31.68
82473,114-UG-T30,FPQ-9356,SO-41610,DN-2654,Uganda,PMO - US,From RDC,N/A - From RDC,Truck,2/20/2012,N/A - From RDC,29-Jun-12,22-May-12,22-May-12,ARV,Adult,SCMS from RDC,"Lopinavir/Ritonavir 200/50mg, tablets, 120 Tabs",Lopinavir/Ritonavir,Generic,200/50mg,Tablet,120,6899,204762.32,29.68,0.25,"Aurobindo Unit III, India",Yes,1859,10611,287.08
11062,106-HT-T01,Pre-PQ Process,SO-32760,DN-1373,Haiti,PMO - US,From RDC,N/A - From RDC,Air,Date Not Captured,N/A - From RDC,31-Jul-09,31-Jul-09,31-Jul-09,ARV,Pediatric,SCMS from RDC,"Efavirenz 50mg, capsule, 30 Caps",Efavirenz,Generic,50mg,Capsule,30,1092,2446.08,2.24,0.07,"Aurobindo Unit III, India",Yes,1585,6811.39,4.79
82406,151-NG-T30,FPQ-7812,SO-39998,DN-2358,Nigeria,PMO - US,From RDC,N/A - From RDC,Air Charter,6/6/2011,N/A - From RDC,3-Nov-11,28-Sep-11,28-Sep-11,ARV,Adult,SCMS from RDC,"Lamivudine/Zidovudine 150/300mg, tablets, 60 Tabs",Lamivudine/Zidovudine,Generic,150/300mg,Tablet - FDC,60,61567,508543.42,8.26,0.14,"Aurobindo Unit III, India",No,See DN-2358 (ID#:82405),See DN-2358 (ID#:82405),839.1
83728,151-NG-T30,FPQ-11864,SO-44932,DN-3366,Nigeria,PMO - US,From RDC,N/A - From RDC,Air Charter,3/14/2013,N/A - From RDC,31-Oct-13,14-Oct-13,24-Oct-13,ARV,Adult,SCMS from RDC,"Lamivudine/Nevirapine/Zidovudine 150/200/300mg, tablets, 60 Tabs",Lamivudine/Nevirapine/Zidovudine,Generic,150/300/200mg,Tablet - FDC,60,75000,643500.0,8.58,0.14,Hetero Unit III Hyderabad IN,No,See DN-3366 (ID#:82612),See DN-3366 (ID#:82612),796.01
84555,114-UG-T30,FPQ-5071,SO-35940,DN-1798,Uganda,PMO - US,From RDC,N/A - From RDC,Air,2/9/2010,N/A - From RDC,7-May-10,19-May-10,19-May-10,ARV,Adult,SCMS from RDC,"Lamivudine/Nevirapine/Stavudine 150/200/30mg, tablets, 60 Tabs",Lamivudine/Nevirapine/Stavudine,Generic,150/200/30mg,Tablet - FDC,60,200,1170.0,5.85,0.1,"Cipla, Goa, India",Yes,21,1000.05,2.52
54542,108-VN-T30,FPQ-13524,SCMS-226200,ASN-25786,Vietnam,PMO - US,Direct Drop,EXW,Air,2/6/2014,3/10/2014,6-Jun-14,6-Jun-14,7-Jun-14,ARV,Adult,Aurobindo Pharma Limited,"Nevirapine 200mg, tablets, 60 Tabs",Nevirapine,Generic,200mg,Tablet,60,6600,14850.0,2.25,0.04,"Aurobindo Unit III, India",Yes,657,1192.25,15.27
59047,106-HT-T30,FPQ-14083,SCMS-240160,ASN-27525,Haiti,PMO - US,Direct Drop,EXW,Ocean,5/11/2014,6/2/2014,30-Oct-14,30-Oct-14,12-Nov-14,ARV,Adult,HETERO LABS LIMITED,"Efavirenz/Lamivudine/Tenofovir Disoproxil Fumarate 600/300/300mg, tablets, 30 Tabs",Efavirenz/Lamivudine/Tenofovir Disoproxil Fumarate,Generic,600/300/300mg,Tablet - FDC,30,92500,971250.0,10.5,0.35,Hetero Unit III Hyderabad IN,No,See ASN-27525 (ID#:38099),See ASN-27525 (ID#:38099),998.44
37925,161-ZA-T30,FPQ-5303,SCMS-68910,ASN-7468,South Africa,PMO - US,Direct Drop,DDP,Air,3/18/2010,3/19/2010,24-Aug-10,4-Aug-10,4-Aug-10,ARV,Adult,Aurobindo Pharma Limited,"Efavirenz 600mg, tablets, 30 Tabs",Efavirenz,Generic,600mg,Tablet,30,25190,117637.3,4.67,0.16,"Aurobindo Unit III, India",Yes,2131,5886.9,253.63
39208,107-RW-T30,FPQ-3859,SCMS-49100,ASN-6888,Rwanda,PMO - US,Direct Drop,CIP,Air,6/30/2009,7/15/2009,29-May-10,29-May-10,29-May-10,ARV,Adult,EMCURE PHARMACEUTICALS LTD,"Efavirenz 600mg, tablets, 30 Tabs",Efavirenz,Generic,600mg,Tablet,30,31,185.69,5.99,0.2,"Emcure Plot No.P-2, I.T-B.T. Park, Phase II, MIDC, Hinjwadi, Pune, India",Yes,4,889.55,0.36
10934,100-ZW-T01,Pre-PQ Process,SO-708,DN-479,Zimbabwe,PMO - US,From RDC,N/A - From RDC,Air,Pre-PQ Process,N/A - From RDC,5-Feb-08,5-Feb-08,5-Feb-08,ARV,Adult,SCMS from RDC,"Lamivudine/Stavudine 150/30mg, tablets, 30 Tabs",Lamivudine/Stavudine,Generic,150/30mg,Tablet - FDC,30,1600,3200.0,2.0,0.07,"Cipla, Goa, India",No,See DN-479 (ID#:10647),See DN-479 (ID#:10647),5.12
11682,104-CI-T01,Pre-PQ Process,SO-33220,DN-1422,Côte d'Ivoire,PMO - US,From RDC,N/A - From RDC,Air,Date Not Captured,N/A - From RDC,16-Sep-09,16-Sep-09,16-Sep-09,ARV,Pediatric,SCMS from RDC,"Zidovudine 10mg/ml, oral solution, Bottle, 240 ml",Zidovudine,Generic,10mg/ml,Oral solution,240,5527,11606.7,2.1,0.01,"Aurobindo Unit III, India",Yes,5317,11005.67,22.75
12166,106-HT-T01,Pre-PQ Process,SO-2753,DN-827,Haiti,PMO - US,From RDC,N/A - From RDC,Air,Pre-PQ Process,N/A - From RDC,16-Jul-08,16-Jul-08,16-Jul-08,ARV,Adult,SCMS from RDC,"Nevirapine 200mg, tablets, 60 Tabs",Nevirapine,Generic,200mg,Tablet,60,1057,3593.8,3.4,0.06,"Aurobindo Unit III, India",Yes,100,1651,5.75
13988,106-HT-T30,FPQ-12041,SCMS-189220,ASN-20209,Haiti,PMO - US,Direct Drop,EXW,Air,4/26/2013,5/21/2013,9-Jul-13,9-Jul-13,9-Jul-13,HRDT,HIV test,"SHANGHAI KEHUA BIOENGINEERING CO.,LTD.  (KHB)","HIV 1/2, SKB Colloidal Gold, Diagnostic Kit, Antibody, 50 Tests","HIV 1/2, Colloidal Gold, Diagnostic Kit, Antibody",Colloidal Gold,,Test kit,1,300,7350.0,24.5,24.5,"KHB Test Kit Facility, Shanghai China",Yes,182,2581.83,9.09
12859,117-ET-T01,Pre-PQ Process,SO-22010,DN-1061,Ethiopia,PMO - US,From RDC,N/A - From RDC,Air,Pre-PQ Process,N/A - From RDC,29-Jan-09,29-Jan-09,29-Jan-09,ARV,Adult,SCMS from RDC,"Efavirenz 600mg, tablets, 30 Tabs",Efavirenz,Generic,600mg,Tablet,30,11549,122650.38,10.62,0.35,"Aurobindo Unit III, India",No,See DN-1061 (ID#:11019),See DN-1061 (ID#:11019),240.39
86143,151-NG-T30,FPQ-14156,SO-48903,DN-3994,Nigeria,PMO - US,From RDC,N/A - From RDC,Air Charter,4/25/2014,N/A - From RDC,31-Oct-14,30-Oct-14,3-Nov-14,ARV,Adult,SCMS from RDC,"Efavirenz 600mg, tablets, 30 Tabs",Efavirenz,Generic,600mg,Tablet,30,6776,21141.12,3.12,0.1,"Micro labs, Verna, Goa, India",Yes,514,898,21.73
11851,109-TZ-T01,Pre-PQ Process,SO-1648,DN-559,Tanzania,PMO - US,From RDC,N/A - From RDC,Air,Pre-PQ Process,N/A - From RDC,25-Feb-08,25-Feb-08,25-Feb-08,ARV,Adult,SCMS from RDC,"Lopinavir/Ritonavir 200/50mg [Aluvia], tablets, 120 Tabs",Lopinavir/Ritonavir,Aluvia,200/50mg,Tablet,120,2580,106038.0,41.1,0.34,ABBVIE (Abbott) Logis. UK,No,See DN-559 (ID#:10940),See DN-559 (ID#:10940),169.66
27297,105-GY-T30,FPQ-16480,SCMS-293560,ASN-33483,Guyana,PMO - US,Direct Drop,EXW,Air,6/24/2015,7/17/2015,28-Aug-15,28-Aug-15,28-Aug-15,HRDT,HIV test,"Trinity Biotech, Plc","HIV 1/2, Uni-Gold HIV Kit, 20 Tests","HIV 1/2, Uni-Gold HIV Kit",Uni-Gold,,Test kit,20,1543,49376.0,32.0,1.6,"Trinity Biotech, Plc",Yes,Weight Captured Separately,Invoiced Separately,58.12
80090,133-NG-T30,FPQ-10349,SCMS-155321,ASN-17165,Nigeria,PMO - US,Direct Drop,EXW,Air,7/17/2012,8/13/2012,28-Nov-12,28-Nov-12,28-Nov-12,HRDT,HIV test,"Orgenics, Ltd","HIV 1/2, Determine Complete HIV Kit, 100 Tests","HIV 1/2, Determine Complete HIV Kit",Determine,,Test kit,100,1139,101371.0,89.0,0.89,"Alere Medical Co., Ltd.",Yes,542,13117.86,142.12
10784,104-CI-T01,Pre-PQ Process,SO-27542,DN-1356,Côte d'Ivoire,PMO - US,From RDC,N/A - From RDC,Air,Date Not Captured,N/A - From RDC,11-Aug-09,11-Aug-09,11-Aug-09,ARV,Adult,SCMS from RDC,"Abacavir 300mg, tablets, 60 Tabs",Abacavir,Generic,300mg,Tablet,60,6930,176368.5,25.45,0.42,Mylan (formerly Matrix) Nashik,Yes,687,1854.88,345.68
26655,116-ZA-T30,FPQ-13973,SCMS-238554,ASN-28627,South Africa,PMO - US,Direct Drop,DDP,Truck,4/30/2014,10/3/2014,3-Oct-14,3-Oct-14,3-Oct-14,ARV,Adult,PHARMACY DIRECT,"Nevirapine 200mg, tablets, 60 Tabs",Nevirapine,Generic,200mg,Tablet,60,12,212.96,17.75,0.3,"Aurobindo Unit III, India",No,Weight Captured Separately,Freight Included in Commodity Cost,0.22
28595,108-VN-T30,FPQ-13976,SCMS-236060,ASN-27812,Vietnam,PMO - US,Direct Drop,EXW,Air,4/8/2014,4/30/2014,22-Sep-14,22-Sep-14,4-Nov-14,ARV,Adult,HETERO LABS LIMITED,"Efavirenz/Lamivudine/Tenofovir Disoproxil Fumarate 600/300/300mg, tablets, 30 Tabs",Efavirenz/Lamivudine/Tenofovir Disoproxil Fumarate,Generic,600/300/300mg,Tablet - FDC,30,8640,90720.0,10.5,0.35,Hetero Unit III Hyderabad IN,No,See ASN-27812 (ID#:25926),See ASN-27812 (ID#:25926),93.26
77103,161-ZA-T30,FPQ-7175,SCMS-103460,ASN-11047,South Africa,PMO - US,Direct Drop,DDP,Ocean,3/10/2011,3/24/2011,2-Sep-11,2-Sep-11,2-Sep-11,ARV,Adult,Aurobindo Pharma Limited,"Zidovudine 300mg, tablets, 60 Tabs",Zidovudine,Generic,300mg,Tablet,60,33207,242411.1,7.3,0.12,"Aurobindo Unit III, India",Yes,1720,3787.71,399.98
85068,112-NG-T30,FPQ-4040,SO-32980,DN-1456,Nigeria,PMO - US,From RDC,N/A - From RDC,Air Charter,7/29/2009,N/A - From RDC,15-Oct-09,20-Oct-09,20-Oct-09,ARV,Adult,SCMS from RDC,"Nevirapine 200mg, tablets, 60 Tabs",Nevirapine,Generic,200mg,Tablet,60,3000,8700.0,2.9,0.05,"Aurobindo Unit III, India",No,See DN-1456 (ID#:83952),See DN-1456 (ID#:83952),17.05
398,102-GY-T01,Pre-PQ Process,SCMS-18480,ASN-1502,Guyana,PMO - US,Direct Drop,EXW,Air,Pre-PQ Process,2/28/2008,9-Apr-08,1-Apr-08,1-Apr-08,HRDT,HIV test - Ancillary,"Orgenics, Ltd","HIV, Lancet, Safety, for HIV Test kits, 100 Pcs","HIV, Lancet, Safety, for HIV Test kits, 100 Pcs",Generic,,Test kit - Ancillary,100,240,2.4,0.01,0.0,Inverness Japan,Yes,Weight Captured Separately,Invoiced Separately,0.0
82879,114-UG-T30,FPQ-5239,SO-36170,DN-1766,Uganda,PMO - US,From RDC,N/A - From RDC,Air,3/2/2010,N/A - From RDC,26-May-10,12-Apr-10,12-Apr-10,ARV,Adult,SCMS from RDC,"Nevirapine 200mg, tablets, 60 Tabs",Nevirapine,Generic,200mg,Tablet,60,4200,11466.0,2.73,0.05,"Aurobindo Unit III, India",No,See DN-1766 (ID#:82878),See DN-1766 (ID#:82878),24.72
85317,151-NG-T30,FPQ-9968,SO-43433,DN-2944,Nigeria,PMO - US,From RDC,N/A - From RDC,Air,5/23/2012,N/A - From RDC,4-Dec-12,4-Dec-12,4-Dec-12,ARV,Pediatric,SCMS from RDC,"Efavirenz 200mg, scored tablets, 90 Tabs",Efavirenz,Generic,200mg,Tablet,90,6654,48574.2,7.3,0.08,"Strides, Bangalore, India.",Yes,465,51090,68.1
35279,116-ZA-T30,FPQ-12522,SCMS-199289,ASN-28037,South Africa,PMO - US,Direct Drop,DDP,Truck,7/11/2013,8/29/2014,29-Aug-14,29-Aug-14,29-Aug-14,ARV,Adult,S. BUYS WHOLESALER,"Efavirenz 600mg, tablets, 30 Tabs",Efavirenz,Generic,600mg,Tablet,30,768,12726.75,16.57,0.55,Hetero Unit III Hyderabad IN,No,Weight Captured Separately,Freight Included in Commodity Cost,15.74
60023,106-HT-T30,FPQ-9066,SCMS-138620,ASN-14951,Haiti,PMO - US,Direct Drop,EXW,Air,1/6/2012,2/24/2012,12-Jun-12,12-Jun-12,12-Jun-12,ARV,Pediatric,CIPLA LIMITED,"Abacavir 60mg, dispersible tablets, 60 Tabs",Abacavir,Generic,60mg,Chewable/dispersible tablet,60,864,5356.8,6.2,0.1,"Cipla, Patalganga, India",Yes,46,304.63,7.51
84966,107-RW-T30,FPQ-14111,SO-48760,DN-3857,Rwanda,PMO - US,From RDC,N/A - From RDC,Air,4/22/2014,N/A - From RDC,30-Jul-14,1-Aug-14,22-Aug-14,ARV,Pediatric,SCMS from RDC,"Lamivudine/Nevirapine/Zidovudine 30/50/60mg, dispersible tablets, 60 Tabs",Lamivudine/Nevirapine/Zidovudine,Generic,30/50/60mg,Chewable/dispersible tablet - FDC,60,2274,8527.5,3.75,0.06,"Strides, Bangalore, India.",Yes,100,1511.4,8.77
86442,101-CD-T30,FPQ-8840,SO-41137,DN-2499,"Congo, DRC",PMO - US,From RDC,N/A - From RDC,Air,11/21/2011,N/A - From RDC,16-Mar-12,14-Feb-12,14-Feb-12,ARV,Adult,SCMS from RDC,"Efavirenz 600mg, tablets, 30 Tabs",Efavirenz,Generic,600mg,Tablet,30,560,2307.2,4.12,0.14,"Strides, Bangalore, India.",No,See DN-2499 (ID#:83004),See DN-2499 (ID#:83004),3.23
47831,108-VN-T30,FPQ-4265,SCMS-56210,ASN-5539,Vietnam,PMO - US,Direct Drop,FCA,Air,10/20/2009,11/5/2009,11-Dec-09,11-Dec-09,11-Dec-09,ARV,Adult,ABBVIE LOGISTICS (FORMERLY ABBOTT LOGISTICS BV),"Lopinavir/Ritonavir 200/50mg [Aluvia], tablets, 120 Tabs",Lopinavir/Ritonavir,Aluvia,200/50mg,Tablet,120,1720,141384.0,82.2,0.68,ABBVIE Ludwigshafen Germany,Yes,424,10296.99,277.11
10503,110-ZM-T01,Pre-PQ Process,SCMS-54620,ASN-5365,Zambia,PMO - US,Direct Drop,EXW,Air,Pre-PQ Process,10/5/2009,11-Nov-09,11-Nov-09,11-Nov-09,HRDT,HIV test,"Orgenics, Ltd","HIV 1/2, Determine Complete HIV Kit, 100 Tests","HIV 1/2, Determine Complete HIV Kit",Determine,,Test kit,100,2500,180000.0,72.0,0.72,Inverness Japan,Yes,740,7513.71,388.08
9053,116-ZA-T01,Pre-PQ Process,SCMS-41588,ASN-4359,South Africa,PMO - US,Direct Drop,DDP,Air,Pre-PQ Process,3/27/2009,25-Jun-09,17-Apr-09,17-Apr-09,ARV,Pediatric,S. BUYS WHOLESALER,"Didanosine 100mg [Videx],chewable tablets, 60 Tabs",Didanosine,Videx,100mg,Chewable/dispersible tablet,60,2160,23133.6,10.71,0.18,"BMS Meymac, France",Yes,Weight Captured Separately,Freight Included in Commodity Cost,45.34
11224,104-CI-T01,Pre-PQ Process,SO-1104,DN-569,Côte d'Ivoire,PMO - US,From RDC,N/A - From RDC,Air,Pre-PQ Process,N/A - From RDC,29-Jan-08,29-Jan-08,29-Jan-08,ARV,Adult,SCMS from RDC,"Lamivudine/Zidovudine 150/300mg, tablets, 60 Tabs",Lamivudine/Zidovudine,Generic,150/300mg,Tablet - FDC,60,29593,281133.5,9.5,0.16,"Aurobindo Unit III, India",Yes,10877,30167,449.81
83868,114-UG-T30,FPQ-14396,SO-48972,DN-4071,Uganda,PMO - US,From RDC,N/A - From RDC,Truck,6/4/2014,N/A - From RDC,2-Feb-15,24-Jan-15,27-Jan-15,ARV,Adult,SCMS from RDC,"Lamivudine/Tenofovir Disoproxil Fumarate 300/300mg, tablets, 30 Tabs",Lamivudine/Tenofovir Disoproxil Fumarate,Generic,300/300mg,Tablet - FDC,30,14420,66764.6,4.63,0.15,"Cipla, Kurkumbh, India",Yes,1467,1319.21,68.63
84011,114-UG-T30,FPQ-5239,SO-36180,DN-1874,Uganda,PMO - US,From RDC,N/A - From RDC,Air,3/2/2010,N/A - From RDC,28-Jul-10,22-Jul-10,22-Jul-10,ARV,Adult,SCMS from RDC,"Efavirenz 600mg, tablets, 30 Tabs",Efavirenz,Generic,600mg,Tablet,30,950,4370.0,4.6,0.15,Mylan (formerly Matrix) Nashik,Yes,76,1017.15,9.42
82888,117-ET-T30,FPQ-5624,SO-36710,DN-1843,Ethiopia,PMO - US,From RDC,N/A - From RDC,Air,5/4/2010,N/A - From RDC,15-Jun-10,1-Jun-10,1-Jun-10,ARV,Adult,SCMS from RDC,"Abacavir 300mg, tablets, 60 Tabs",Abacavir,Generic,300mg,Tablet,60,4000,68560.0,17.14,0.29,"Aurobindo Unit III, India",Yes,400,961.46,147.82
10476,108-VN-T01,Pre-PQ Process,SCMS-46570,ASN-4710,Vietnam,PMO - US,Direct Drop,CIP,Air,Pre-PQ Process,5/27/2009,24-Aug-09,24-Aug-09,24-Aug-09,ARV,Pediatric,BRISTOL-MYERS SQUIBB,"Didanosine 25mg [Videx], chewable tablets, 60 Tabs",Didanosine,Videx,25mg,Chewable/dispersible tablet,60,480,3360.0,7.0,0.12,"BMS Meymac, France",Yes,Weight Captured Separately,Freight Included in Commodity Cost,6.59
68401,114-UG-T30,FPQ-4320,SCMS-58120,ASN-5947,Uganda,PMO - US,Direct Drop,CIP,Air,11/16/2009,11/25/2009,18-Feb-10,18-Feb-10,18-Feb-10,ARV,Adult,MERCK SHARP & DOHME IDEA GMBH (FORMALLY MERCK SHARP & DOHME B.V.),"Indinavir 400mg [Crixivan], capsules, 180 Caps",Indinavir,Crixivan,400mg,Capsule,180,153,7650.0,50.0,0.28,"MSD, Haarlem, NL",Yes,34,395,14.99
7326,116-ZA-T01,Pre-PQ Process,SCMS-28830,ASN-2503,South Africa,PMO - US,Direct Drop,DDP,Truck,Pre-PQ Process,Date Not Captured,25-Aug-08,14-Aug-08,14-Aug-08,ARV,Pediatric,S. BUYS WHOLESALER,"Stavudine 1mg/ml [Zerit], powder for oral solution, Bottle, 200 ml",Stavudine,Zerit,1mg/ml,Powder for oral solution,200,120,176.4,1.47,0.01,"BMS Meymac, France",No,Weight Captured Separately,Freight Included in Commodity Cost,0.28
84690,109-TZ-T30,FPQ-8297,SO-40641,DN-2484,Tanzania,PMO - US,From RDC,N/A - From RDC,Truck,8/22/2011,N/A - From RDC,12-Mar-12,12-Mar-12,12-Mar-12,ARV,Adult,SCMS from RDC,"Abacavir 300mg, tablets, 60 Tabs",Abacavir,Generic,300mg,Tablet,60,23940,350242.2,14.63,0.24,Mylan (formerly Matrix) Nashik,Yes,1500,1698.83,577.9
84005,113-ZW-T30,FPQ-4694,SO-35350,DN-1839,Zimbabwe,PMO - US,From RDC,N/A - From RDC,Truck,12/8/2009,N/A - From RDC,30-Jul-10,31-May-10,31-May-10,ARV,Adult,SCMS from RDC,"Efavirenz 600mg, tablets, 30 Tabs",Efavirenz,Generic,600mg,Tablet,30,5900,28025.0,4.75,0.16,"Aurobindo Unit III, India",Yes,509,3833.17,60.42
51535,122-HT-T30,FPQ-8671,SCMS-131050,ASN-13551,Haiti,PMO - US,Direct Drop,EXW,Air,11/9/2011,12/29/2011,14-Feb-12,14-Feb-12,14-Feb-12,MRDT,Malaria,"ACCESS BIO, INC.","Malaria, Antigen P.f., HRP2 CareStart Kit, 60 Tests","Malaria, Antigen P.f., HRP2 CareStart Kit",CareStart,,Test kit,60,2159,50520.6,23.4,0.39,"Access BIO, L.C.",Yes,5,5642.36,70.83
59566,116-ZA-T30,FPQ-14942,SCMS-259079,ASN-33852,South Africa,PMO - US,Direct Drop,DDP,Truck,9/11/2014,10/9/2014,24-Aug-15,24-Aug-15,24-Aug-15,ARV,Pediatric,PHARMACY DIRECT,"Efavirenz 50mg, capsule, 30 Caps",Efavirenz,Generic,50mg,Capsule,30,9,21.81,2.42,0.08,"Aurobindo Unit III, India",No,Weight Captured Separately,Freight Included in Commodity Cost,0.02
84863,100-ZM-T30,FPQ-12497,SO-45930,DN-3357,Zambia,PMO - US,From RDC,N/A - From RDC,Truck,6/20/2013,N/A - From RDC,24-Nov-13,29-Nov-13,12-Dec-13,ARV,Adult,SCMS from RDC,"Efavirenz/Emtricitabine/Tenofovir Disoproxil Fumarate 600/200/300mg, tablets, 30 Tabs",Efavirenz/Emtricitabine/Tenofovir Disoproxil Fumarate,Generic,600/200/300mg,Tablet - FDC,30,66205,814321.5,12.3,0.41,Mylan (formerly Matrix) Nashik,Yes,12121,Freight Included in Commodity Cost,1007.32
12504,109-TZ-T01,Pre-PQ Process,SO-2001,DN-757,Tanzania,PMO - US,From RDC,N/A - From RDC,Air,Pre-PQ Process,N/A - From RDC,30-Jun-08,30-Jun-08,30-Jun-08,ARV,Adult,SCMS from RDC,"Lamivudine/Zidovudine 150/300mg, tablets, 60 Tabs",Lamivudine/Zidovudine,Generic,150/300mg,Tablet - FDC,60,6722,63859.0,9.5,0.16,"Aurobindo Unit III, India",Yes,634,1108.08,102.17
27670,114-UG-T30,FPQ-12273,SCMS-198550,ASN-21516,Uganda,PMO - US,Direct Drop,EXW,Air,7/8/2013,8/12/2013,30-Sep-13,30-Sep-13,30-Sep-13,HRDT,HIV test,BIO-RAD LABORATORIES (FRANCE),"HIV 1/2, Genie III Kit, 50 Tests","HIV 1/2, Genie III Kit",Genie,,Test kit,50,15,1363.65,90.91,1.82,Bio-Rad Laboratories,Yes,8,855.41,1.69
84416,110-ZM-T30,FPQ-14162,SO-48672,DN-3950,Zambia,PMO - US,From RDC,N/A - From RDC,Truck,4/24/2014,N/A - From RDC,31-Oct-14,2-Oct-14,22-Oct-14,ARV,Adult,SCMS from RDC,"Lamivudine/Zidovudine 150/300mg, tablets, 60 Tabs",Lamivudine/Zidovudine,Generic,150/300mg,Tablet - FDC,60,79914,527432.4,6.6,0.11,"Aurobindo Unit III, India",Yes,7194,9410.57,542.2
86669,105-GY-T30,FPQ-13567,SO-47730,DN-3626,Guyana,PMO - US,From RDC,N/A - From RDC,Air,1/16/2014,N/A - From RDC,30-Jun-14,14-Apr-14,6-Jun-14,ARV,Adult,SCMS from RDC,"Lamivudine/Zidovudine 150/300mg, tablets, 60 Tabs",Lamivudine/Zidovudine,Generic,150/300mg,Tablet - FDC,60,293,1971.89,6.73,0.11,Mylan (formerly Matrix) Nashik,No,See DN-3626 (ID#:83781),See DN-3626 (ID#:83781),2.03
84737,104-CI-T30,FPQ-8790,SO-41202,DN-2752,Côte d'Ivoire,PMO - US,From RDC,N/A - From RDC,Air,11/11/2011,N/A - From RDC,31-Jul-12,31-Jul-12,31-Jul-12,ARV,Adult,SCMS from RDC,"Lamivudine/Zidovudine 150/300mg, tablets, 60 Tabs",Lamivudine/Zidovudine,Generic,150/300mg,Tablet - FDC,60,336,2614.08,7.78,0.13,Mylan (formerly Matrix) Nashik,Yes,27,1845.31,3.66
12829,110-ZM-T01,Pre-PQ Process,SO-2486,DN-912,Zambia,PMO - US,From RDC,N/A - From RDC,Truck,Pre-PQ Process,N/A - From RDC,23-Sep-08,23-Sep-08,23-Sep-08,ARV,Adult,SCMS from RDC,"Lamivudine/Zidovudine 150/300mg, tablets, 60 Tabs",Lamivudine/Zidovudine,Generic,150/300mg,Tablet - FDC,60,50000,472500.0,9.45,0.16,"Aurobindo Unit III, India",No,See DN-912 (ID#:11577),See DN-912 (ID#:11577),756.0
6600,108-VN-T01,Pre-PQ Process,SCMS-78,ASN-51,Vietnam,PMO - US,Direct Drop,EXW,Air,Pre-PQ Process,Date Not Captured,1-Sep-06,1-Sep-06,1-Sep-06,ARV,Adult,SUN PHARMACEUTICAL INDUSTRIES LTD (RANBAXY LABORATORIES LIMITED),"Lamivudine 150mg, tablets, 60 Tabs",Lamivudine,Generic,150mg,Tablet,60,2080,8299.2,3.99,0.07,"Ranbaxy, Paonta Shahib, India",Yes,87,10657.19,
83864,114-UG-T30,FPQ-15294,SO-50051,DN-4061,Uganda,PMO - US,From RDC,N/A - From RDC,Truck,11/3/2014,N/A - From RDC,15-Jun-15,16-Jan-15,26-Jan-15,ARV,Adult,SCMS from RDC,"Efavirenz/Lamivudine/Tenofovir Disoproxil Fumarate 600/300/300mg, tablets, 30 Tabs",Efavirenz/Lamivudine/Tenofovir Disoproxil Fumarate,Generic,600/300/300mg,Tablet - FDC,30,350000,3416000.0,9.76,0.33,Mylan (formerly Matrix) Nashik,Yes,41041,40616.15,4020.63
43918,116-ZA-T30,FPQ-13973,SCMS-238550,ASN-30792,South Africa,PMO - US,Direct Drop,DDP,Truck,4/30/2014,5/8/2014,19-Feb-15,19-Feb-15,19-Feb-15,ARV,Pediatric,PHARMACY DIRECT,"Efavirenz 200mg, capsule, 90 Caps",Efavirenz,Generic,200mg,Capsule,90,3,70.76,23.59,0.26,"Aurobindo Unit III, India",No,Weight Captured Separately,Freight Included in Commodity Cost,0.07
400,117-ET-T01,Pre-PQ Process,SCMS-18430,ASN-1465,Ethiopia,PMO - US,Direct Drop,DDP,,Pre-PQ Process,2/29/2008,11-Mar-08,11-Mar-08,11-Mar-08,HRDT,HIV test,TURE PHARMACEUTICALS & MEDICAL SUPPLIES P.L.C.,"HIV 1/2, Capillus HIV Kit, 100 Tests","HIV 1/2, Capillus HIV Kit",Capillus,,Test kit,100,63,13399.25,212.69,2.13,"Trinity Biotech, Plc",Yes,Weight Captured Separately,Freight Included in Commodity Cost,21.44
71111,107-RW-T30,FPQ-11773,SCMS-179950,ASN-18798,Rwanda,PMO - US,Direct Drop,EXW,Air,3/1/2013,3/1/2013,1-Nov-13,1-Nov-13,6-Nov-13,HRDT,HIV test,"Orgenics, Ltd","HIV 1/2, Determine HIV Kit, without Lancets, 100 Tests","HIV 1/2, Determine HIV Kit, without Lancets",Determine,,Test kit,100,3500,271950.0,77.7,0.78,"Alere Medical Co., Ltd.",Yes,795,11855.59,336.4
83073,110-ZM-T30,FPQ-9773,SO-41991,DN-2833,Zambia,PMO - US,From RDC,N/A - From RDC,Truck,4/27/2012,N/A - From RDC,25-Sep-12,7-Sep-12,7-Sep-12,ARV,Adult,SCMS from RDC,"Efavirenz 600mg, tablets, 30 Tabs",Efavirenz,Generic,600mg,Tablet,30,182876,715045.16,3.91,0.13,"Strides, Bangalore, India.",No,See DN-2833 (ID#:82506),See DN-2833 (ID#:82506),1002.49
82588,901-CM-T30,FPQ-12520,SO-45830,DN-3228,Cameroon,PMO - US,From RDC,N/A - From RDC,Air Charter,6/21/2013,N/A - From RDC,22-Jul-13,14-Jul-13,14-Jul-13,ARV,Adult,SCMS from RDC,"Nevirapine 200mg, tablets, 60 Tabs",Nevirapine,Generic,200mg,Tablet,60,19683,44483.58,2.26,0.04,"Strides, Bangalore, India.",Yes,1733,20893.21,55.03
84408,110-ZM-T30,FPQ-13221,SO-47206,DN-3876,Zambia,PMO - US,From RDC,N/A - From RDC,Truck,10/31/2013,N/A - From RDC,29-Aug-14,23-Sep-14,6-Oct-14,ARV,Adult,SCMS from RDC,"Lamivudine/Tenofovir Disoproxil Fumarate 300/300mg, tablets, 30 Tabs",Lamivudine/Tenofovir Disoproxil Fumarate,Generic,300/300mg,Tablet - FDC,30,14055,65074.65,4.63,0.15,"Cipla, Kurkumbh, India",Yes,1406,1335.02,66.9
65484,108-VN-T30,FPQ-9577,SCMS-145330,ASN-16020,Vietnam,PMO - US,Direct Drop,FCA,Air,4/11/2012,6/15/2012,27-Oct-12,27-Oct-12,27-Oct-12,ARV,Adult,ABBVIE LOGISTICS (FORMERLY ABBOTT LOGISTICS BV),"Ritonavir 100mg [Norvir], film coated tablets, 30 Tabs",Ritonavir,Norvir,100mg,Tablet,30,326,7582.76,23.26,0.78,ABBVIE Ludwigshafen Germany,Yes,34,404.78,10.63
83378,114-UG-T30,FPQ-4470,SO-34020,DN-1520,Uganda,PMO - US,From RDC,N/A - From RDC,Air,8/17/2009,N/A - From RDC,30-Nov-09,25-Nov-09,25-Nov-09,ARV,Adult,SCMS from RDC,"Lamivudine/Nevirapine/Stavudine 150/200/30mg, tablets, 60 Tabs",Lamivudine/Nevirapine/Stavudine,Generic,150/200/30mg,Tablet - FDC,60,1760,12320.0,7.0,0.12,"Strides, Bangalore, India.",Yes,133,2450.89,24.15
85847,114-UG-T30,FPQ-9354,SO-41630,DN-2603,Uganda,PMO - US,From RDC,N/A - From RDC,Air,2/20/2012,N/A - From RDC,3-May-12,27-Mar-12,27-Mar-12,ARV,Adult,SCMS from RDC,"Lamivudine/Tenofovir Disoproxil Fumarate 300/300mg, tablets, 30 Tabs",Lamivudine/Tenofovir Disoproxil Fumarate,Generic,300/300mg,Tablet - FDC,30,12959,78790.72,6.08,0.2,Mylan (formerly Matrix) Nashik,No,See DN-2603 (ID#:83023),See DN-2603 (ID#:83023),110.46
55238,108-VN-T30,FPQ-9001,SCMS-131690,ASN-14517,Vietnam,PMO - US,Direct Drop,EXW,Air,12/15/2011,1/16/2012,16-May-12,16-May-12,16-May-12,ARV,Adult,MYLAN LABORATORIES LTD (FORMERLY MATRIX LABORATORIES),"Abacavir 300mg, tablets, 60 Tabs",Abacavir,Generic,300mg,Tablet,60,368,4784.0,13.0,0.22,Mylan (formerly Matrix) Nashik,No,See ASN-14517 (ID#:44737),See ASN-14517 (ID#:44737),6.71
55712,108-VN-T30,FPQ-16194,SCMS-285500,ASN-33266,Vietnam,PMO - US,Direct Drop,EXW,Air,4/14/2015,5/13/2015,3-Sep-15,3-Sep-15,3-Sep-15,ARV,Adult,HETERO LABS LIMITED,"Efavirenz/Lamivudine/Tenofovir Disoproxil Fumarate 600/300/300mg, tablets, 30 Tabs",Efavirenz/Lamivudine/Tenofovir Disoproxil Fumarate,Generic,600/300/300mg,Tablet - FDC,30,15552,147744.0,9.5,0.32,Hetero Unit III Hyderabad IN,No,See ASN-33266 (ID#:44615),See ASN-33266 (ID#:44615),173.89
82685,109-TZ-T30,FPQ-13042,SO-46701,DN-3762,Tanzania,PMO - US,From RDC,N/A - From RDC,Air,10/1/2013,N/A - From RDC,31-Jul-14,25-Sep-14,6-Oct-14,ARV,Adult,SCMS from RDC,"Lopinavir/Ritonavir 200/50mg [Aluvia], tablets, 120 Tabs",Lopinavir/Ritonavir,Aluvia,200/50mg,Tablet,120,32294,610356.6,18.9,0.16,ABBVIE Ludwigshafen Germany,Yes,20132,97918.87,755.01
4949,109-TZ-T01,Pre-PQ Process,SCMS-38410,ASN-4381,Tanzania,PMO - US,Direct Drop,FCA,Air,Pre-PQ Process,2/5/2009,11-Aug-09,11-Aug-09,11-Aug-09,ARV,Adult,ABBVIE LOGISTICS (FORMERLY ABBOTT LOGISTICS BV),"Lopinavir/Ritonavir 200/50mg [Aluvia], tablets, 120 Tabs",Lopinavir/Ritonavir,Aluvia,200/50mg,Tablet,120,10680,438948.0,41.1,0.34,ABBVIE Ludwigshafen Germany,Yes,2724,12620.12,860.34
83972,106-HT-T30,FPQ-4469,SO-35170,DN-1605,Haiti,PMO - US,From RDC,N/A - From RDC,Air,9/23/2009,N/A - From RDC,11-Jan-10,8-Jan-10,8-Jan-10,ARV,Adult,SCMS from RDC,"Efavirenz 600mg, tablets, 30 Tabs",Efavirenz,Generic,600mg,Tablet,30,13577,78475.06,5.78,0.19,"Aurobindo Unit III, India",No,See DN-1605 (ID#:82284),See DN-1605 (ID#:82284),169.19
77268,117-ET-T30,FPQ-9098,SCMS-133550,ASN-14780,Ethiopia,PMO - US,Direct Drop,EXW,Air,1/10/2012,1/23/2012,8-May-12,8-May-12,8-May-12,HRDT,HIV test,"CHEMBIO DIAGNOSTIC SYSTEMS, INC.","HIV 1/2, Stat-Pak HIV, Kit, 20 Tests","HIV 1/2, Stat-Pak HIV, Kit",Stat-Pak,,Test kit,20,340,9860.0,29.0,1.45,Chembio Diagnostics Sys. Inc.,Yes,Weight Captured Separately,Invoiced Separately,13.82
78427,101-CD-T30,FPQ-11103,SCMS-170610,ASN-18067,"Congo, DRC",PMO - US,Direct Drop,FCA,Air,12/7/2012,1/3/2013,15-Mar-13,3-Apr-13,3-Apr-13,ARV,Pediatric,ABBVIE LOGISTICS (FORMERLY ABBOTT LOGISTICS BV),"Lopinavir/Ritonavir 100/25mg [Aluvia], tablets, 60 Tabs",Lopinavir/Ritonavir,Generic,100/25mg,Tablet,60,24,142.56,5.94,0.1,ABBVIE Ludwigshafen Germany,Yes,8,767.87,0.18
83860,107-RW-T30,FPQ-14111,SO-48790,DN-4012,Rwanda,PMO - US,From RDC,N/A - From RDC,Truck,4/22/2014,N/A - From RDC,16-Feb-15,14-Jan-15,19-Jan-15,ARV,Adult,SCMS from RDC,"Nevirapine 200mg, tablets, 60 Tabs",Nevirapine,Generic,200mg,Tablet,60,49941,110369.61,2.21,0.04,Hetero Unit III Hyderabad IN,No,See DN-4012 (ID#:82755),See DN-4012 (ID#:82755),113.46
5794,108-VN-T01,Pre-PQ Process,SCMS-23350,ASN-2489,Vietnam,PMO - US,Direct Drop,FCA,Air,Pre-PQ Process,5/13/2008,16-Nov-08,16-Nov-08,16-Nov-08,ARV,Adult,ABBVIE LOGISTICS (FORMERLY ABBOTT LOGISTICS BV),"Lopinavir/Ritonavir 200/50mg [Aluvia], tablets, 120 Tabs",Lopinavir/Ritonavir,Aluvia,200/50mg,Tablet,120,1040,85488.0,82.2,0.68,ABBVIE Ludwigshafen Germany,Yes,251,2519.89,136.78
85989,111-MZ-T30,FPQ-11033,SO-43773,DN-3286,Mozambique,PMO - US,From RDC,N/A - From RDC,Truck,11/12/2012,N/A - From RDC,9-Oct-13,9-Oct-13,18-Oct-13,ARV,Adult,SCMS from RDC,"Efavirenz/Lamivudine/Tenofovir Disoproxil Fumarate 600/300/300mg, tablets, 30 Tabs",Efavirenz/Lamivudine/Tenofovir Disoproxil Fumarate,Generic,600/300/300mg,Tablet - FDC,30,125320,1318366.4,10.52,0.35,Hetero Unit III Hyderabad IN,Yes,16498,10825.06,1630.82
12786,109-TZ-T01,Pre-PQ Process,SO-10970,DN-831,Tanzania,PMO - US,From RDC,N/A - From RDC,Air,Pre-PQ Process,N/A - From RDC,21-Aug-08,21-Aug-08,21-Aug-08,ARV,Adult,SCMS from RDC,"Lamivudine/Nevirapine/Stavudine 150/200/30mg, tablets, 60 Tabs",Lamivudine/Nevirapine/Stavudine,Generic,150/200/30mg,Tablet - FDC,60,40000,296000.0,7.4,0.12,"Cipla, Goa, India",Yes,4289,24594.29,473.6
12478,112-NG-T01,Pre-PQ Process,SO-2351,DN-717,Nigeria,PMO - US,From RDC,N/A - From RDC,Air,Pre-PQ Process,N/A - From RDC,18-Apr-08,18-Apr-08,18-Apr-08,ARV,Adult,SCMS from RDC,"Stavudine 30mg, capsules, 60 Caps",Stavudine,Generic,30mg,Capsule,60,420,638.4,1.52,0.03,"Aurobindo Unit III, India",No,See DN-717 (ID#:11858),See DN-717 (ID#:11858),1.02
10731,114-UG-T01,Pre-PQ Process,SO-17420,DN-971,Uganda,PMO - US,From RDC,N/A - From RDC,Air,Pre-PQ Process,N/A - From RDC,4-Nov-08,4-Nov-08,4-Nov-08,ARV,Adult,SCMS from RDC,"Lamivudine/Nevirapine/Stavudine 150/200/30mg, tablets, 60 Tabs",Lamivudine/Nevirapine/Stavudine,Generic,150/200/30mg,Tablet - FDC,60,2742,20290.8,7.4,0.12,"Strides, Bangalore, India.",Yes,204,3477,39.77
84766,114-UG-T30,FPQ-10780,SO-43510,DN-2926,Uganda,PMO - US,From RDC,N/A - From RDC,Air,10/10/2012,N/A - From RDC,20-Dec-12,28-Nov-12,28-Nov-12,ARV,Adult,SCMS from RDC,"Abacavir 300mg, tablets, 60 Tabs",Abacavir,Generic,300mg,Tablet,60,2067,26788.32,12.96,0.22,Mylan (formerly Matrix) Nashik,Yes,220,1616.45,37.56
83513,200-ZW-T30,FPQ-6483,SO-37870,DN-2279,Zimbabwe,PMO - US,From RDC,N/A - From RDC,Truck,10/13/2010,N/A - From RDC,15-Aug-11,11-Aug-11,11-Aug-11,ARV,Pediatric,SCMS from RDC,"Lamivudine/Stavudine 30/6mg, dispersible tablets, 60 Tabs",Lamivudine/Stavudine,Generic,30/6mg,Chewable/dispersible tablet - FDC,60,3687,7005.3,1.9,0.03,"Cipla, Goa, India",Yes,212,2143.48,15.1
11508,104-CI-T01,Pre-PQ Process,SO-1144,DN-538,Côte d'Ivoire,PMO - US,From RDC,N/A - From RDC,Air,Pre-PQ Process,N/A - From RDC,28-Dec-07,28-Dec-07,28-Dec-07,ARV,Pediatric,SCMS from RDC,"Nevirapine 10mg/ml, oral suspension, Bottle, 240 ml",Nevirapine,Generic,10mg/ml,Oral suspension,240,475,912.0,1.92,0.01,"Aurobindo Unit III, India",Yes,170,1301,1.46
34700,133-NG-T30,FPQ-14305,SCMS-240830,ASN-27475,Nigeria,PMO - US,Direct Drop,EXW,Air,5/16/2014,6/2/2014,19-Aug-14,26-Aug-14,7-Sep-14,HRDT,HIV test,"Orgenics, Ltd","HIV 1/2, Determine Complete HIV Kit, 100 Tests","HIV 1/2, Determine Complete HIV Kit",Determine,,Test kit,100,6375,567375.0,89.0,0.89,"Alere Medical Co., Ltd.",Yes,3764,38029.42,583.26
85899,107-RW-T30,FPQ-10015,SO-42480,DN-2848,Rwanda,PMO - US,From RDC,N/A - From RDC,Air,6/4/2012,N/A - From RDC,28-Sep-12,13-Sep-12,13-Sep-12,ARV,Adult,SCMS from RDC,"Nevirapine 200mg, tablets, 60 Tabs",Nevirapine,Generic,200mg,Tablet,60,10078,24590.32,2.44,0.04,"Strides, Bangalore, India.",No,See DN-2848 (ID#:83078),See DN-2848 (ID#:83078),34.48
85775,110-ZM-T30,FPQ-7085,SO-38731,DN-2280,Zambia,PMO - US,From RDC,N/A - From RDC,Truck,2/3/2011,N/A - From RDC,18-Aug-11,5-Aug-11,5-Aug-11,ARV,Adult,SCMS from RDC,"Zidovudine 300mg, tablets, 60 Tabs",Zidovudine,Generic,300mg,Tablet,60,26000,187460.0,7.21,0.12,Hetero Unit III Hyderabad IN,Yes,1405,3949.19,309.31
3508,141-NA-T01,Pre-PQ Process,SCMS-33850,ASN-3110,Namibia,PMO - US,Direct Drop,EXW,Air,Pre-PQ Process,11/20/2008,27-Jan-09,27-Jan-09,27-Jan-09,HRDT,HIV test,INVERNESS MEDICAL INNOVATIONS SOUTH AFRICA (PTY) LTD,"HIV 1/2, Determine HIV Kit, without Lancets, 100 Tests","HIV 1/2, Determine HIV Kit, without Lancets",Determine,,Test kit,100,7,490.0,70.0,0.7,Inverness Japan,No,See ASN-3110 (ID#:2173),See ASN-3110 (ID#:2173),0.96
11051,153-NG-T01,Pre-PQ Process,SO-31171,DN-1260,Nigeria,PMO - US,From RDC,N/A - From RDC,Air,Pre-PQ Process,N/A - From RDC,5-Jun-09,5-Jun-09,5-Jun-09,ARV,Adult,SCMS from RDC,"Lamivudine/Zidovudine 150/300mg, tablets, 60 Tabs",Lamivudine/Zidovudine,Generic,150/300mg,Tablet - FDC,60,264,2312.64,8.76,0.15,Mylan (formerly Matrix) Nashik,Yes,27,1012.18,4.53
71469,107-RW-T30,FPQ-8741,SCMS-129510,ASN-15329,Rwanda,PMO - US,Direct Drop,CIP,Air,11/30/2011,3/9/2012,28-Jun-12,28-Jun-12,28-Jun-12,ARV,Pediatric,CIPLA LIMITED,"Lamivudine/Stavudine 60/12mg, dispersible tablets, 60 Tabs",Lamivudine/Stavudine,Generic,60/12mg,Chewable/dispersible tablet - FDC,60,672,2466.24,3.67,0.06,"Cipla, Goa, India",Yes,50,3011.72,3.46
11304,111-MZ-T01,Pre-PQ Process,SO-11070,DN-931,Mozambique,PMO - US,From RDC,N/A - From RDC,Truck,Pre-PQ Process,N/A - From RDC,14-Nov-08,14-Nov-08,14-Nov-08,ARV,Adult,SCMS from RDC,"Lamivudine/Nevirapine/Stavudine 150/200/30mg, tablets, 60 Tabs",Lamivudine/Nevirapine/Stavudine,Generic,150/200/30mg,Tablet - FDC,60,125009,900064.8,7.2,0.12,"Strides, Bangalore, India.",Yes,7910,1012.43,1440.1
23023,153-NA-T30,FPQ-9698,SCMS-144310,ASN-15069,Namibia,PMO - US,Direct Drop,EXW,Air,4/12/2012,5/2/2012,5-Jul-12,5-Jul-12,5-Jul-12,HRDT,HIV test,"Orgenics, Ltd","HIV 1/2, Determine HIV Kit, without Lancets, 100 Tests","HIV 1/2, Determine HIV Kit, without Lancets",Determine,,Test kit,100,75,5827.5,77.7,0.78,Inverness Japan,Yes,19,718.32,8.17
54744,108-VN-T30,FPQ-12051,SCMS-188680,ASN-20555,Vietnam,PMO - US,Direct Drop,EXW,Air,5/3/2013,5/17/2013,3-Sep-13,3-Sep-13,3-Sep-13,ARV,Adult,Aurobindo Pharma Limited,"Nevirapine 200mg, tablets, 60 Tabs",Nevirapine,Generic,200mg,Tablet,60,4000,9000.0,2.25,0.04,"Aurobindo Unit III, India",No,See ASN-20555 (ID#:25809),See ASN-20555 (ID#:25809),11.13
11491,104-CI-T01,Pre-PQ Process,SO-1143,DN-443,Côte d'Ivoire,PMO - US,From RDC,N/A - From RDC,Air,Pre-PQ Process,N/A - From RDC,14-Dec-07,14-Dec-07,14-Dec-07,ARV,Adult,SCMS from RDC,"Nevirapine 200mg, tablets, 60 Tabs",Nevirapine,Generic,200mg,Tablet,60,13141,44679.4,3.4,0.06,"Aurobindo Unit III, India",Yes,1271,10722.75,71.49
5857,107-RW-T01,Pre-PQ Process,SCMS-25140,ASN-2116,Rwanda,PMO - US,Direct Drop,EXW,Air,Pre-PQ Process,6/12/2008,22-Jul-08,22-Jul-08,22-Jul-08,HRDT,HIV test,"Orgenics, Ltd","HIV 1/2, Determine HIV Kit, without Lancets, 100 Tests","HIV 1/2, Determine HIV Kit, without Lancets",Determine,,Test kit,100,4327,302890.0,70.0,0.7,Inverness Japan,Yes,986,26574.61,484.62
3896,116-ZA-T01,Pre-PQ Process,SCMS-47051,ASN-4836,South Africa,PMO - US,Direct Drop,DDP,Truck,Pre-PQ Process,6/5/2009,12-Oct-09,28-Jul-09,28-Jul-09,ARV,Adult,S. BUYS WHOLESALER,"Zidovudine 300mg [Retrovir], tablets, 60 Tabs",Zidovudine,Retrovir,300mg,Tablet,60,200,3136.0,15.68,0.26,GSK Ware (UK),No,Weight Captured Separately,Freight Included in Commodity Cost,6.15
11945,123-NG-T01,Pre-PQ Process,SO-2554,DN-960,Nigeria,PMO - US,From RDC,N/A - From RDC,Air,Pre-PQ Process,N/A - From RDC,30-Oct-08,30-Oct-08,30-Oct-08,ARV,Adult,SCMS from RDC,"Stavudine 30mg, capsules, 60 Caps",Stavudine,Generic,30mg,Capsule,60,7876,11971.52,1.52,0.03,"Aurobindo Unit III, India",Yes,5588,18617.93,23.46
52795,110-ZM-T30,FPQ-9074,SCMS-134350,ASN-13766,Zambia,PMO - US,Direct Drop,EXW,Air,12/22/2011,1/24/2012,5-Mar-12,5-Mar-12,5-Mar-12,ARV,Adult,Aurobindo Pharma Limited,"Emtricitabine/Tenofovir Disoproxil Fumarate 200/300mg, tablets, 30 Tabs",Emtricitabine/Tenofovir Disoproxil Fumarate,Generic,200/300mg,Tablet - FDC,30,100000,735000.0,7.35,0.24,"Aurobindo Unit III, India",Yes,9389,51294.87,1030.47
85360,151-NG-T30,FPQ-10477,SO-43040,DN-3138,Nigeria,PMO - US,From RDC,N/A - From RDC,Air Charter,8/9/2012,N/A - From RDC,6-May-13,3-May-13,3-May-13,ARV,Adult,SCMS from RDC,"Efavirenz/Emtricitabine/Tenofovir Disoproxil Fumarate 600/200/300mg, tablets, 30 Tabs",Efavirenz/Emtricitabine/Tenofovir Disoproxil Fumarate,Generic,600/200/300mg,Tablet - FDC,30,59615,772610.4,12.96,0.43,"Cipla, Goa, India",Yes,7722,14547.55,1083.2
82125,113-ZW-T30,FPQ-13939,SCMS-240570,ASN-27582,Zimbabwe,PMO - US,Direct Drop,EXW,Air Charter,4/1/2014,5/27/2014,17-Sep-14,17-Sep-14,19-Sep-14,ARV,Adult,HETERO LABS LIMITED,"Lamivudine/Tenofovir Disoproxil Fumarate 300/300mg, tablets, 30 Tabs",Lamivudine/Tenofovir Disoproxil Fumarate,Generic,300/300mg,Tablet - FDC,30,15187,70163.94,4.62,0.15,Hetero Unit III Hyderabad IN,No,See ASN-27582 (ID#:79885),See ASN-27582 (ID#:79885),72.13
10727,130-NG-T01,Pre-PQ Process,SO-10580,DN-909,Nigeria,PMO - US,From RDC,N/A - From RDC,Air,Pre-PQ Process,N/A - From RDC,22-Sep-08,22-Sep-08,22-Sep-08,ARV,Adult,SCMS from RDC,"Nevirapine 200mg, tablets, 60 Tabs",Nevirapine,Generic,200mg,Tablet,60,2066,7024.4,3.4,0.06,"Aurobindo Unit III, India",Yes,451,3487.94,11.24
6439,116-ZA-T01,Pre-PQ Process,SCMS-47500,ASN-4332,South Africa,PMO - US,Direct Drop,DDP,Truck,Pre-PQ Process,4/2/2009,15-May-09,23-Apr-09,23-Apr-09,ARV,Pediatric,S. BUYS WHOLESALER,"Nevirapine 10mg/ml, oral suspension, Bottle, 240 ml",Nevirapine,Generic,10mg/ml,Oral suspension,240,80,750.4,9.38,0.04,"Aurobindo Unit III, India",No,See ASN-4332 (ID#:1115),See ASN-4332 (ID#:1115),1.47
10930,110-ZM-T01,Pre-PQ Process,SO-993,DN-507,Zambia,PMO - US,From RDC,N/A - From RDC,,Pre-PQ Process,N/A - From RDC,8-Jan-08,8-Jan-08,8-Jan-08,ARV,Adult,SCMS from RDC,"Efavirenz 600mg, tablets, 30 Tabs",Efavirenz,Generic,600mg,Tablet,30,50061,976189.5,19.5,0.65,Mylan (formerly Matrix) Nashik,Yes,3946,14199.3,1561.9
48216,109-TZ-T30,FPQ-9259,SCMS-136810,ASN-14309,Tanzania,PMO - US,Direct Drop,EXW,Air,1/27/2012,2/3/2012,25-May-12,25-May-12,25-May-12,HRDT,HIV test,"Trinity Biotech, Plc","HIV 1/2, Uni-Gold HIV Kit, 20 Tests","HIV 1/2, Uni-Gold HIV Kit",Uni-Gold,,Test kit,20,4250,136000.0,32.0,1.6,"Trinity Biotech, Plc",Yes,1386,13215.15,190.67
11690,109-TZ-T01,Pre-PQ Process,SO-31283,DN-1470,Tanzania,PMO - US,From RDC,N/A - From RDC,Truck,Date Not Captured,N/A - From RDC,26-Oct-09,26-Oct-09,26-Oct-09,ARV,Adult,SCMS from RDC,"Abacavir 300mg, tablets, 60 Tabs",Abacavir,Generic,300mg,Tablet,60,3752,95488.4,25.45,0.42,"Aurobindo Unit III, India",No,See DN-1470 (ID#:10798),See DN-1470 (ID#:10798),187.16
46587,161-ZA-T30,FPQ-5303,SCMS-68950,ASN-7102,South Africa,PMO - US,Direct Drop,DDP,Air,3/18/2010,3/19/2010,11-Jun-10,11-Jun-10,11-Jun-10,ARV,Adult,Aurobindo Pharma Limited,"Lamivudine 150mg, tablets, 60 Tabs",Lamivudine,Generic,150mg,Tablet,60,52379,132518.87,2.53,0.04,"Aurobindo Unit III, India",Yes,2512,4116.82,285.71
68341,161-ZA-T30,FPQ-6262,SCMS-84200,ASN-9514,South Africa,PMO - US,Direct Drop,DDP,Ocean,8/31/2010,9/21/2010,23-Feb-11,23-Feb-11,23-Feb-11,ARV,Adult,CIPLA LIMITED,"Tenofovir Disoproxil Fumarate 300mg, tablets, 30 Tabs",Tenofovir Disoproxil Fumarate,Generic,300mg,Tablet,30,105278,740104.34,7.03,0.23,"Cipla, Goa, India",Yes,7225,6038.21,1595.66
1046,106-HT-T01,Pre-PQ Process,SCMS-40000,ASN-3675,Haiti,PMO - US,Direct Drop,CIP,Air,Pre-PQ Process,3/6/2009,31-Mar-09,31-Mar-09,31-Mar-09,ARV,Pediatric,BRISTOL-MYERS SQUIBB,"Didanosine 50mg [Videx], chewable tablets, 60 Tabs",Didanosine,Videx,50mg,Chewable/dispersible tablet,60,80,760.0,9.5,0.16,"BMS Meymac, France",Yes,43,260,1.49
16805,114-UG-T30,FPQ-11098,SCMS-171670,ASN-17984,Uganda,PMO - US,Direct Drop,EXW,Air,12/13/2012,1/2/2013,20-Feb-13,20-Feb-13,20-Feb-13,HRDT,HIV test,"CHEMBIO DIAGNOSTIC SYSTEMS, INC.","HIV 1/2, Stat-Pak Dipstick Assay Kit, 30 Tests","HIV 1/2, Stat-Pak Dipstick Assay Kit",Stat-Pak,,Test kit,30,1458,40240.8,27.6,0.92,Chembio Diagnostics Sys. Inc.,Yes,158,3824.96,49.78
1797,108-VN-T01,Pre-PQ Process,SCMS-23370,ASN-2523,Vietnam,PMO - US,Direct Drop,CIP,Air,Pre-PQ Process,5/13/2008,3-Oct-08,3-Oct-08,3-Oct-08,ARV,Pediatric,BRISTOL-MYERS SQUIBB,"Didanosine 25mg [Videx], chewable tablets, 60 Tabs",Didanosine,Videx,25mg,Chewable/dispersible tablet,60,400,2800.0,7.0,0.12,"BMS Meymac, France",Yes,81,3013.09,4.48
11538,109-TZ-T01,Pre-PQ Process,SO-1695,DN-663,Tanzania,PMO - US,From RDC,N/A - From RDC,,Pre-PQ Process,N/A - From RDC,22-Apr-08,23-Apr-08,23-Apr-08,ARV,Adult,SCMS from RDC,"Abacavir 300mg, tablets, 60 Tabs",Abacavir,Generic,300mg,Tablet,60,5730,157746.9,27.53,0.46,"Aurobindo Unit III, India",No,See DN-663 (ID#:10960),See DN-663 (ID#:10960),252.4
84255,111-MZ-T30,FPQ-11884,SO-44862,DN-3136,Mozambique,PMO - US,From RDC,N/A - From RDC,Truck,3/19/2013,N/A - From RDC,30-Sep-13,29-Aug-13,29-Aug-13,ARV,Adult,SCMS from RDC,"Lamivudine 150mg, tablets, 60 Tabs",Lamivudine,Generic,150mg,Tablet,60,2600,5174.0,1.99,0.03,Hetero Unit III Hyderabad IN,Yes,149,1815.67,6.4
84460,102-BI-T30,FPQ-15406,SO-50280,DN-4178,Burundi,PMO - US,From RDC,N/A - From RDC,Air,11/19/2014,N/A - From RDC,29-May-15,25-Mar-15,30-Mar-15,ARV,Adult,SCMS from RDC,"Efavirenz/Lamivudine/Tenofovir Disoproxil Fumarate 600/300/300mg, tablets, 30 Tabs",Efavirenz/Lamivudine/Tenofovir Disoproxil Fumarate,Generic,600/300/300mg,Tablet - FDC,30,7380,73726.2,9.99,0.33,Mylan (formerly Matrix) Nashik,Yes,1115,7006.47,86.78
85690,151-NG-T30,FPQ-5023,SO-36423,DN-1933,Nigeria,PMO - US,From RDC,N/A - From RDC,Air,2/10/2010,N/A - From RDC,15-Jul-10,28-Jun-10,28-Jun-10,ARV,Adult,SCMS from RDC,"Efavirenz/Emtricitabine/Tenofovir Disoproxil Fumarate 600/200/300mg, tablets, 30 Tabs",Efavirenz/Emtricitabine/Tenofovir Disoproxil Fumarate,Generic,600/200/300mg,Tablet - FDC,30,1000,19920.0,19.92,0.66,Mylan (formerly Matrix) Nashik,Yes,91,Freight Included in Commodity Cost,42.95
12145,111-MZ-T01,Pre-PQ Process,SO-1039,DN-601,Mozambique,PMO - US,From RDC,N/A - From RDC,Air,Pre-PQ Process,N/A - From RDC,8-Apr-08,5-Apr-08,5-Apr-08,ARV,Adult,SCMS from RDC,"Ritonavir 100mg [Norvir], capsules, cool, 84 Caps",Ritonavir,Norvir,100mg,Capsule,84,760,7288.4,9.59,0.11,ABBVIE (Abbott) Logis. UK,No,See DN-601 (ID#:10651),See DN-601 (ID#:10651),11.66
57637,107-RW-T30,FPQ-6417,SCMS-87200,ASN-8567,Rwanda,PMO - US,Direct Drop,EXW,Air,9/20/2010,10/6/2010,23-Dec-10,23-Dec-10,23-Dec-10,HRDT,HIV test,"Standard Diagnostics, Inc.","HIV 1/2, Bioline 3.0 Kit, (no accessories), 30 Tests","HIV 1/2, Bioline 3.0 Kit (no accessories)",Bioline,,Test kit,30,1700,40800.0,24.0,0.8,"Standard Diagnostics, Korea",Yes,570,9054.08,87.96
11207,110-ZM-T01,Pre-PQ Process,SO-1429,DN-470,Zambia,PMO - US,From RDC,N/A - From RDC,Air,Pre-PQ Process,N/A - From RDC,26-Nov-07,26-Nov-07,26-Nov-07,ARV,Adult,SCMS from RDC,"Efavirenz 600mg, tablets, 30 Tabs",Efavirenz,Generic,600mg,Tablet,30,84,1043.28,12.42,0.41,"Aurobindo Unit III, India",Yes,Weight Captured Separately,Invoiced Separately,1.67
16848,104-CI-T30,FPQ-13125,SCMS-215051,ASN-24722,Côte d'Ivoire,PMO - US,Direct Drop,EXW,Air,10/25/2013,12/4/2013,14-Mar-14,14-Mar-14,20-Mar-14,HRDT,HIV test,"Orgenics, Ltd","HIV 1/2, Determine Complete HIV Kit, 100 Tests","HIV 1/2, Determine Complete HIV Kit",Determine,,Test kit,100,5900,472000.0,80.0,0.8,"Alere Medical Co., Ltd.",Yes,2393,33029.82,485.22
83832,104-CI-T30,FPQ-10633,SO-43360,DN-3850,Côte d'Ivoire,PMO - US,From RDC,N/A - From RDC,Truck,9/11/2012,N/A - From RDC,29-Aug-14,18-Aug-14,5-Sep-14,ARV,Adult,SCMS from RDC,"Efavirenz 600mg, tablets, 30 Tabs",Efavirenz,Generic,600mg,Tablet,30,29804,95670.84,3.21,0.11,"Strides, Bangalore, India.",Yes,1766,7481.81,134.13
86111,104-CI-T30,FPQ-13142,SO-47120,DN-3789,Côte d'Ivoire,PMO - US,From RDC,N/A - From RDC,Truck,10/22/2013,N/A - From RDC,30-Jun-14,9-Jul-14,7-Aug-14,ARV,Pediatric,SCMS from RDC,"Abacavir/Lamivudine 60/30mg, tablets, 60 Tabs",Abacavir/Lamivudine,Generic,60/30mg,Tablet - FDC,60,10000,40900.0,4.09,0.07,Mylan (formerly Matrix) Nashik,Yes,365,2436.32,42.05
84047,102-UG-T30,FPQ-6403,SO-37460,DN-2026,Uganda,PMO - US,From RDC,N/A - From RDC,Air,9/16/2010,N/A - From RDC,20-Oct-10,25-Oct-10,25-Oct-10,ARV,Adult,SCMS from RDC,"Efavirenz 600mg, tablets, 30 Tabs",Efavirenz,Generic,600mg,Tablet,30,27304,118499.36,4.34,0.14,Mylan (formerly Matrix) Nashik,Yes,13087,56372.66,255.48
85342,105-GY-T30,FPQ-11546,SO-44520,DN-3060,Guyana,PMO - US,From RDC,N/A - From RDC,Air,1/28/2013,N/A - From RDC,18-Apr-13,15-Mar-13,15-Mar-13,ARV,Adult,SCMS from RDC,"Lamivudine/Zidovudine 150/300mg, tablets, 60 Tabs",Lamivudine/Zidovudine,Generic,150/300mg,Tablet - FDC,60,487,3540.49,7.27,0.12,"Aurobindo Unit III, India",No,See DN-3060 (ID#:83121),See DN-3060 (ID#:83121),4.38
24374,107-RW-T30,FPQ-3859,SCMS-48920,ASN-5840,Rwanda,PMO - US,Direct Drop,CIP,Air,6/30/2009,7/17/2009,27-Jan-10,27-Jan-10,27-Jan-10,ARV,Adult,Aurobindo Pharma Limited,"Tenofovir Disoproxil Fumarate 300mg, tablets, 30 Tabs",Tenofovir Disoproxil Fumarate,Generic,300mg,Tablet,30,5520,47251.2,8.56,0.29,"Aurobindo Unit III, India",Yes,516,2355.52,92.61
2295,119-NA-T01,Pre-PQ Process,SCMS-37060,ASN-3303,Namibia,PMO - US,Direct Drop,EXW,Air,Pre-PQ Process,1/13/2009,2-Mar-09,2-Mar-09,2-Mar-09,HRDT,HIV test,"Trinity Biotech, Plc","HIV 1/2, Uni-Gold HIV Kit, 20 Tests","HIV 1/2, Uni-Gold HIV Kit",Uni-Gold,,Test kit,20,68,2176.0,32.0,1.6,"Trinity Biotech, Plc",Yes,22,1003.52,4.26
85194,111-MZ-T30,FPQ-7053,SO-38632,DN-2284,Mozambique,PMO - US,From RDC,N/A - From RDC,Truck,1/24/2011,N/A - From RDC,31-Aug-11,30-Aug-11,30-Aug-11,ARV,Adult,SCMS from RDC,"Stavudine 30mg, capsules, 60 Caps",Stavudine,Generic,30mg,Capsule,60,420,588.0,1.4,0.02,"Aurobindo Unit III, India",Yes,36,843.36,0.97
78909,133-NG-T30,FPQ-12812,SCMS-210351,ASN-23948,Nigeria,PMO - US,Direct Drop,EXW,Air,8/13/2013,11/1/2013,18-Feb-14,12-Feb-14,15-Mar-14,HRDT,HIV test,"Orgenics, Ltd","HIV 1/2, Determine Complete HIV Kit, 100 Tests","HIV 1/2, Determine Complete HIV Kit",Determine,,Test kit,100,9258,823962.0,89.0,0.89,"Alere Medical Co., Ltd.",Yes,3759,57561.38,1019.24
69647,114-UG-T30,FPQ-10788,SCMS-162750,ASN-18152,Uganda,PMO - US,Direct Drop,DAP,Air,10/10/2012,10/25/2012,13-Feb-13,13-Feb-13,13-Feb-13,ARV,Adult,ASPEN PHARMACARE,"Etravirine 100mg [Intelence], tablets, 120 Tabs",Etravirine,Intelence,100mg,Tablet,120,194,6984.0,36.0,0.3,"Janssen-Cilag, Latina, IT",No,See ASN-18152 (ID#:66768),See ASN-18152 (ID#:66768),8.64
83740,151-NG-T30,FPQ-12248,SO-47221,DN-3436,Nigeria,PMO - US,From RDC,N/A - From RDC,Air Charter,5/6/2013,N/A - From RDC,18-Nov-13,26-Nov-13,5-Dec-13,ARV,Adult,SCMS from RDC,"Efavirenz/Lamivudine/Tenofovir Disoproxil Fumarate 600/300/300mg, tablets, 30 Tabs",Efavirenz/Lamivudine/Tenofovir Disoproxil Fumarate,Generic,600/300/300mg,Tablet - FDC,30,130437,1454372.55,11.15,0.37,Hetero Unit III Hyderabad IN,Yes,18633,26340,1799.06
82726,111-MZ-T30,FPQ-13394,SO-47460,DN-3872,Mozambique,PMO - US,From RDC,N/A - From RDC,Truck,12/9/2013,N/A - From RDC,30-Sep-14,27-Oct-14,7-Nov-14,ARV,Adult,SCMS from RDC,"Lamivudine/Nevirapine/Zidovudine 150/200/300mg, tablets, 60 Tabs",Lamivudine/Nevirapine/Zidovudine,Generic,150/300/200mg,Tablet - FDC,60,40070,324967.7,8.11,0.14,Mylan (formerly Matrix) Nashik,Yes,28111,18448.52,334.07
60937,110-ZM-T30,FPQ-14827,SCMS-256500,ASN-31166,Zambia,PMO - US,Direct Drop,EXW,Air,8/19/2014,9/19/2014,12-May-15,6-May-15,6-May-15,HRDT,HIV test,"Orgenics, Ltd","HIV 1/2, Determine Complete HIV Kit, 100 Tests","HIV 1/2, Determine Complete HIV Kit",Determine,,Test kit,100,3182,254560.0,80.0,0.8,"Alere Medical Co., Ltd.",Yes,1290,14493.3,261.69
36209,116-ZA-T30,FPQ-12522,SCMS-199283,ASN-27978,South Africa,PMO - US,Direct Drop,DDP,Truck,7/11/2013,8/27/2014,27-Aug-14,27-Aug-14,27-Aug-14,ARV,Adult,S. BUYS WHOLESALER,"Didanosine 400mg, delayed-release capsules, 30 Caps",Didanosine,Generic,400mg,Delayed-release capsules,30,16,349.87,21.87,0.73,"Aurobindo Unit III, India",No,Weight Captured Separately,Freight Included in Commodity Cost,0.43
79141,102-KE-T30,FPQ-8446,SCMS-124890,ASN-13144,Kenya,PMO - US,Direct Drop,EXW,Air,10/5/2011,10/13/2011,3-Feb-12,3-Feb-12,3-Feb-12,HRDT,HIV test,"Trinity Biotech, Plc","HIV 1/2, Uni-Gold HIV Kit, 20 Tests","HIV 1/2, Uni-Gold HIV Kit",Uni-Gold,,Test kit,20,516,16512.0,32.0,1.6,"Trinity Biotech, Plc",Yes,174,2061.8,27.24
63412,104-CI-T30,FPQ-9823,SCMS-147550,ASN-15640,Côte d'Ivoire,PMO - US,Direct Drop,EXW,Air,5/4/2012,6/13/2012,16-Aug-12,16-Aug-12,16-Aug-12,HRDT,HIV test,"CHEMBIO DIAGNOSTIC SYSTEMS, INC.","HIV 1/2, Stat-Pak HIV, Kit, 20 Tests","HIV 1/2, Stat-Pak HIV, Kit",Stat-Pak,,Test kit,20,2155,62495.0,29.0,1.45,Chembio Diagnostics Sys. Inc.,Yes,622,7727.12,87.62
76809,133-NG-T30,FPQ-8117,SCMS-118190,ASN-12877,Nigeria,PMO - US,Direct Drop,EXW,Air,7/28/2011,8/15/2011,19-Dec-11,19-Dec-11,19-Dec-11,HRDT,HIV test,"Orgenics, Ltd","HIV 1/2, Determine Complete HIV Kit, 100 Tests","HIV 1/2, Determine Complete HIV Kit",Determine,,Test kit,100,2890,257210.0,89.0,0.89,"Alere Medical Co., Ltd.",Yes,1377,32575.03,424.4
82843,104-CI-T30,FPQ-4187,SO-33540,DN-1509,Côte d'Ivoire,PMO - US,From RDC,N/A - From RDC,Air,9/9/2009,N/A - From RDC,27-Nov-09,13-Nov-09,13-Nov-09,ARV,Pediatric,SCMS from RDC,"Zidovudine 10mg/ml, oral solution, Bottle, 240 ml",Zidovudine,Generic,10mg/ml,Oral solution,240,1758,3691.8,2.1,0.01,"Aurobindo Unit III, India",Yes,604,7100.04,7.24
5916,116-ZA-T01,Pre-PQ Process,SCMS-26820,ASN-2488,South Africa,PMO - US,Direct Drop,DDP,Truck,Pre-PQ Process,Date Not Captured,10-Jul-08,8-Jul-08,8-Jul-08,ARV,Adult,S. BUYS WHOLESALER,"Emtricitabine/Tenofovir Disoproxil Fumarate 200/300mg [Truvada], tablets, 30 Tabs",Emtricitabine/Tenofovir Disoproxil Fumarate,Truvada,300/200mg,Tablet - FDC,30,30,1171.5,39.05,1.3,"Aspen-OSD, Port Elizabeth, SA",No,Weight Captured Separately,Freight Included in Commodity Cost,1.87
11739,100-ZW-T01,Pre-PQ Process,SO-720,DN-269,Zimbabwe,PMO - US,From RDC,N/A - From RDC,Truck,Pre-PQ Process,N/A - From RDC,17-Aug-07,17-Aug-07,17-Aug-07,ARV,Adult,SCMS from RDC,"Lamivudine/Stavudine 150/30mg, tablets, 30 Tabs",Lamivudine/Stavudine,Generic,150/30mg,Tablet - FDC,30,1600,3200.0,2.0,0.07,"Cipla, Goa, India",No,See DN-269 (ID#:11738),See DN-269 (ID#:11738),5.12
45267,111-MZ-T30,FPQ-11440,SCMS-174050,ASN-18080,Mozambique,PMO - US,Direct Drop,EXW,Air,1/9/2013,1/17/2013,17-Mar-13,17-Mar-13,17-Mar-13,HRDT,HIV test,"Trinity Biotech, Plc","HIV 1/2, Uni-Gold HIV Kit, 20 Tests","HIV 1/2, Uni-Gold HIV Kit",Uni-Gold,,Test kit,20,151,4832.0,32.0,1.6,"Trinity Biotech, Plc",Yes,54,1032.57,5.98
63175,107-RW-T30,FPQ-3963,SCMS-48560,ASN-4448,Rwanda,PMO - US,Direct Drop,EXW,Air,7/1/2009,7/2/2009,14-Aug-09,14-Aug-09,14-Aug-09,HRDT,HIV test,"Trinity Biotech, Plc","HIV 1/2, Uni-Gold HIV Kit, 20 Tests","HIV 1/2, Uni-Gold HIV Kit",Uni-Gold,,Test kit,20,250,8000.0,32.0,1.6,"Trinity Biotech, Plc",Yes,88,3997.31,15.68
12892,123-NG-T01,Pre-PQ Process,SO-24480,DN-1276,Nigeria,PMO - US,From RDC,N/A - From RDC,Air Charter,Pre-PQ Process,N/A - From RDC,16-Jun-09,16-Jun-09,16-Jun-09,ARV,Adult,SCMS from RDC,"Indinavir 400mg [Crixivan], capsules, 180 Caps",Indinavir,Crixivan,400mg,Capsule,180,400,20000.0,50.0,0.28,"MSD, Haarlem, NL",Yes,89,7329.83,39.2
11757,104-CI-T01,Pre-PQ Process,SO-589,DN-314,Côte d'Ivoire,PMO - US,From RDC,N/A - From RDC,,Pre-PQ Process,N/A - From RDC,24-Aug-07,24-Aug-07,24-Aug-07,ARV,Pediatric,SCMS from RDC,"Efavirenz 50mg [Stocrin/Sustiva], capsule, 30 Caps",Efavirenz,Stocrin/Sustiva,50mg,Capsule,30,485,1682.95,3.47,0.12,"MSD, Haarlem, NL",Yes,285,1786,2.69
19712,108-VN-T30,FPQ-13034,SCMS-210120,ASN-24394,Vietnam,PMO - US,Direct Drop,EXW,Air,10/4/2013,10/10/2013,23-Apr-14,23-Apr-14,23-Apr-14,ARV,Adult,HETERO LABS LIMITED,"Efavirenz 600mg, tablets, 30 Tabs",Efavirenz,Generic,600mg,Tablet,30,2516,8151.84,3.24,0.11,Hetero Unit III Hyderabad IN,No,See ASN-24394 (ID#:16053),See ASN-24394 (ID#:16053),10.08
75980,102-KE-T30,FPQ-4587,SCMS-58380,ASN-5877,Kenya,PMO - US,Direct Drop,EXW,Air,11/18/2009,12/2/2009,16-Feb-10,16-Feb-10,16-Feb-10,HRDT,HIV test,"Orgenics, Ltd","HIV 1/2, Determine Complete HIV Kit, 100 Tests","HIV 1/2, Determine Complete HIV Kit",Determine,,Test kit,100,8500,680000.0,80.0,0.8,Inverness Japan,Yes,1462,14419.86,1466.08
10948,110-ZM-T01,Pre-PQ Process,SO-2547,DN-820,Zambia,PMO - US,From RDC,N/A - From RDC,Truck,Pre-PQ Process,N/A - From RDC,29-Jul-08,29-Jul-08,29-Jul-08,ARV,Adult,SCMS from RDC,"Lamivudine/Stavudine 150/30mg, tablets, 30 Tabs",Lamivudine/Stavudine,Generic,150/30mg,Tablet - FDC,30,12000,24000.0,2.0,0.07,"Cipla, Goa, India",Yes,700,954.13,38.4
10576,104-CI-T01,Pre-PQ Process,SO-781,DN-245,Côte d'Ivoire,PMO - US,From RDC,N/A - From RDC,,Pre-PQ Process,N/A - From RDC,31-Jul-07,31-Jul-07,31-Jul-07,HRDT,HIV test,SCMS from RDC,"HIV 1/2, Determine Complete HIV Kit, 100 Tests","HIV 1/2, Determine Complete HIV Kit",Determine,,Test kit,100,2,160.0,80.0,0.8,ABBVIE GmbH & Co.KG Wiesbaden,Yes,1,9789.07,0.26
45648,101-CD-T30,FPQ-13548,SCMS-224840,ASN-24721,"Congo, DRC",PMO - US,Direct Drop,EXW,Air,1/22/2014,1/28/2014,4-Apr-14,4-Apr-14,28-Apr-14,HRDT,HIV test,"Trinity Biotech, Plc","HIV 1/2, Uni-Gold HIV Kit, 20 Tests","HIV 1/2, Uni-Gold HIV Kit",Uni-Gold,,Test kit,20,90,2880.0,32.0,1.6,"Trinity Biotech, Plc",No,See ASN-24721 (ID#:13708),See ASN-24721 (ID#:13708),2.96
84866,110-ZM-T30,FPQ-12066,SO-46520,DN-3379,Zambia,PMO - US,From RDC,N/A - From RDC,Truck,4/19/2013,N/A - From RDC,20-Nov-13,29-Nov-13,12-Dec-13,ARV,Adult,SCMS from RDC,"Abacavir 300mg, tablets, 60 Tabs",Abacavir,Generic,300mg,Tablet,60,11833,135606.18,11.46,0.19,Mylan (formerly Matrix) Nashik,Yes,Weight Captured Separately,Invoiced Separately,167.74
69630,116-ZA-T30,FPQ-12522,SCMS-199283,ASN-27980,South Africa,PMO - US,Direct Drop,DDP,Truck,7/11/2013,8/27/2014,27-Aug-14,27-Aug-14,27-Aug-14,ARV,Pediatric,S. BUYS WHOLESALER,"Efavirenz 200mg, capsule, 90 Caps",Efavirenz,Generic,200mg,Capsule,90,22,580.11,26.37,0.29,"Aurobindo Unit III, India",No,Weight Captured Separately,Freight Included in Commodity Cost,0.72
3767,116-ZA-T01,Pre-PQ Process,SCMS-41582,ASN-4304,South Africa,PMO - US,Direct Drop,DDP,Air,Pre-PQ Process,3/27/2009,25-Jun-09,8-Apr-09,8-Apr-09,ARV,Adult,S. BUYS WHOLESALER,"Efavirenz 600mg, tablets, 30 Tabs",Efavirenz,Generic,600mg,Tablet,30,3500,44170.0,12.62,0.42,"Aurobindo Unit III, India",Yes,Weight Captured Separately,Freight Included in Commodity Cost,86.57
12295,151-NG-T01,Pre-PQ Process,SO-30022,DN-1290,Nigeria,PMO - US,From RDC,N/A - From RDC,Air Charter,Pre-PQ Process,N/A - From RDC,16-Jun-09,16-Jun-09,16-Jun-09,ARV,Adult,SCMS from RDC,"Emtricitabine/Tenofovir Disoproxil Fumarate 200/300mg [Truvada], tablets, 30 Tabs",Emtricitabine/Tenofovir Disoproxil Fumarate,Truvada,300/200mg,Tablet - FDC,30,24269,637061.25,26.25,0.88,"Aspen-OSD, Port Elizabeth, SA",Yes,2094,7329.83,1248.64
11855,100-ZW-T01,Pre-PQ Process,SO-711,DN-604,Zimbabwe,PMO - US,From RDC,N/A - From RDC,Air,Pre-PQ Process,N/A - From RDC,5-Mar-08,5-Mar-08,5-Mar-08,ARV,Adult,SCMS from RDC,"Lamivudine/Stavudine 150/30mg, tablets, 30 Tabs",Lamivudine/Stavudine,Generic,150/30mg,Tablet - FDC,30,1600,3200.0,2.0,0.07,"Cipla, Goa, India",No,See DN-604 (ID#:11527),See DN-604 (ID#:11527),5.12
16398,107-RW-T30,FPQ-6341,SCMS-84930,ASN-12601,Rwanda,PMO - US,Direct Drop,EXW,Ocean,9/3/2010,9/27/2010,13-Dec-11,13-Dec-11,13-Dec-11,ARV,Adult,CIPLA LIMITED,"Lopinavir/Ritonavir 200/50mg, tablets, 120 Tabs",Lopinavir/Ritonavir,Generic,200/50mg,Tablet,120,23240,776216.0,33.4,0.28,Cipla Ltd A-42 MIDC Mahar. IN,Yes,6853,81246.12,1673.52
41032,116-ZA-T30,FPQ-13973,SCMS-238554,ASN-28627,South Africa,PMO - US,Direct Drop,DDP,Truck,4/30/2014,10/3/2014,3-Oct-14,3-Oct-14,3-Oct-14,ARV,Adult,PHARMACY DIRECT,"Efavirenz 600mg, tablets, 30 Tabs",Efavirenz,Generic,600mg,Tablet,30,51,795.4,15.6,0.52,"Aurobindo Unit III, India",No,Weight Captured Separately,Freight Included in Commodity Cost,0.82
47311,104-CI-T30,FPQ-8366,SCMS-124280,ASN-13315,Côte d'Ivoire,PMO - US,Direct Drop,FCA,Ocean,9/5/2011,10/11/2011,23-Mar-12,23-Mar-12,23-Mar-12,ARV,Adult,ABBVIE LOGISTICS (FORMERLY ABBOTT LOGISTICS BV),"Lopinavir/Ritonavir 200/50mg [Aluvia], tablets, 120 Tabs",Lopinavir/Ritonavir,Aluvia,200/50mg,Tablet,120,1573,48479.86,30.82,0.26,ABBVIE Ludwigshafen Germany,Yes,393,40289,79.99
86186,101-CD-T30,FPQ-15787,SO-50900,DN-4196,"Congo, DRC",PMO - US,From RDC,N/A - From RDC,Air,1/26/2015,N/A - From RDC,16-Jun-15,25-May-15,15-Jun-15,ARV,Pediatric,SCMS from RDC,"Abacavir/Lamivudine 60/30mg, dispersible tablets, 60 Tabs",Abacavir/Lamivudine,Generic,60/30mg,Chewable/dispersible tablet - FDC,60,820,4173.8,5.09,0.08,"Cipla, Patalganga, India",No,See DN-4196 (ID#:85025),See DN-4196 (ID#:85025),4.91
84208,104-CI-T30,FPQ-9749,SO-42390,DN-2935,Côte d'Ivoire,PMO - US,From RDC,N/A - From RDC,Truck,4/19/2012,N/A - From RDC,14-Dec-12,30-Nov-12,30-Nov-12,ARV,Adult,SCMS from RDC,"Efavirenz 600mg, tablets, 30 Tabs",Efavirenz,Generic,600mg,Tablet,30,74064,269592.96,3.64,0.12,"Strides, Bangalore, India.",No,See DN-2935 (ID#:83641),See DN-2935 (ID#:83641),377.97
49386,161-ZA-T30,FPQ-7175,SCMS-104020,ASN-10875,South Africa,PMO - US,Direct Drop,DDP,Ocean,3/10/2011,3/28/2011,14-Jul-11,14-Jul-11,14-Jul-11,ARV,Adult,CIPLA LIMITED,"Tenofovir Disoproxil Fumarate 300mg, tablets, 30 Tabs",Tenofovir Disoproxil Fumarate,Generic,300mg,Tablet,30,54008,349431.76,6.47,0.22,"Cipla, Goa, India",Yes,3658,12796.59,576.56
86743,151-NG-T30,FPQ-14156,SO-48905,DN-3996,Nigeria,PMO - US,From RDC,N/A - From RDC,Air Charter,4/25/2014,N/A - From RDC,31-Oct-14,30-Oct-14,3-Nov-14,ARV,Adult,SCMS from RDC,"Lamivudine/Tenofovir Disoproxil Fumarate 300/300mg, tablets, 30 Tabs",Lamivudine/Tenofovir Disoproxil Fumarate,Generic,300/300mg,Tablet - FDC,30,57000,263340.0,4.62,0.15,"Aurobindo Unit VII, IN",Yes,5735,20138,270.71
42917,108-VN-T30,FPQ-13034,SCMS-210150,ASN-24398,Vietnam,PMO - US,Direct Drop,EXW,Air,10/4/2013,10/10/2013,23-Apr-14,23-Apr-14,23-Apr-14,ARV,Adult,HETERO LABS LIMITED,"Lamivudine 150mg, tablets, 60 Tabs",Lamivudine,Generic,150mg,Tablet,60,9989,18479.65,1.85,0.03,Hetero Unit III Hyderabad IN,No,See ASN-24398 (ID#:18664),See ASN-24398 (ID#:18664),22.86
1972,117-ET-T01,Pre-PQ Process,SCMS-27800,ASN-2592,Ethiopia,PMO - US,Direct Drop,EXW,Air,Pre-PQ Process,7/30/2008,3-Nov-08,13-Oct-08,13-Oct-08,HRDT,HIV test,"CHEMBIO DIAGNOSTIC SYSTEMS, INC.","HIV 1/2, Stat-Pak HIV, Kit, 20 Tests","HIV 1/2, Stat-Pak HIV, Kit",Stat-Pak,,Test kit,20,5958,160866.0,27.0,1.35,Chembio Diagnostics Sys. Inc.,Yes,2147,11066.17,257.39
25587,114-UG-T30,FPQ-13116,SCMS-212350,ASN-24416,Uganda,PMO - US,Direct Drop,EXW,Air,10/23/2013,10/30/2013,21-Mar-14,21-Mar-14,21-Mar-14,ARV,Pediatric,CIPLA LIMITED,"Lamivudine/Nevirapine/Zidovudine 30/50/60mg, dispersible tablets, 60 Tabs",Lamivudine/Nevirapine/Zidovudine,Generic,30/50/60mg,Chewable/dispersible tablet - FDC,60,15021,60084.0,4.0,0.07,"Cipla, Goa, India",Yes,1411,13983.98,61.77
82471,114-UG-T30,FPQ-9321,SO-41510,DN-2643,Uganda,PMO - US,From RDC,N/A - From RDC,Truck,2/10/2012,N/A - From RDC,3-Jul-12,18-May-12,18-May-12,ARV,Adult,SCMS from RDC,"Lamivudine/Tenofovir Disoproxil Fumarate 300/300mg, tablets, 30 Tabs",Lamivudine/Tenofovir Disoproxil Fumarate,Generic,300/300mg,Tablet - FDC,30,1500,8310.0,5.54,0.18,Mylan (formerly Matrix) Nashik,Yes,729,3758.4,11.65
2684,112-NG-T01,Pre-PQ Process,SCMS-156,ASN-93,Nigeria,PMO - US,Direct Drop,EXW,Air,Pre-PQ Process,Date Not Captured,7-Dec-06,7-Dec-06,7-Dec-06,ARV,Adult,Aurobindo Pharma Limited,"Stavudine 40mg, capsules, 60 Caps",Stavudine,Generic,40mg,Capsule,60,166,356.9,2.15,0.04,"Aurobindo Unit III, India",No,See ASN-93 (ID#:1281),See ASN-93 (ID#:1281),
10956,110-ZM-T01,Pre-PQ Process,SO-1806,DN-625,Zambia,PMO - US,From RDC,N/A - From RDC,,Pre-PQ Process,N/A - From RDC,28-Mar-08,28-Mar-08,28-Mar-08,ARV,Adult,SCMS from RDC,"Emtricitabine/Tenofovir Disoproxil Fumarate 200/300mg [Truvada], tablets, 30 Tabs",Emtricitabine/Tenofovir Disoproxil Fumarate,Truvada,300/200mg,Tablet - FDC,30,27156,712845.0,26.25,0.88,"Aspen-OSD, Port Elizabeth, SA",Yes,9344,35246.5,1140.55
32594,103-CM-T30,FPQ-10128,SCMS-151600,ASN-16107,Cameroon,PMO - US,Direct Drop,EXW,Air,6/22/2012,7/16/2012,10-Sep-12,10-Sep-12,10-Sep-12,HRDT,HIV test,"Orgenics, Ltd","HIV 1/2, Determine Kit without Lancets, Buffer or Caplillary Tubes, 100 Tests","HIV 1/2, Determine Kit without Lancets, Buffer or Capillary Tubes, 100 Tests",Determine,,Test kit,100,120,8658.0,72.15,0.72,"Alere Medical Co., Ltd.",Yes,22,1243.98,12.14
937,111-MZ-T01,Pre-PQ Process,SCMS-36660,ASN-3509,Mozambique,PMO - US,Direct Drop,EXW,Air,Pre-PQ Process,1/5/2009,23-Mar-09,23-Mar-09,23-Mar-09,HRDT,HIV test,"Trinity Biotech, Plc","HIV 1/2, Uni-Gold HIV Kit, 20 Tests","HIV 1/2, Uni-Gold HIV Kit",Uni-Gold,,Test kit,20,5700,182400.0,32.0,1.6,"Trinity Biotech, Plc",Yes,1906,23914.8,357.5
58197,133-NG-T30,FPQ-12456,SCMS-196561,ASN-22356,Nigeria,PMO - US,Direct Drop,EXW,Air,6/10/2013,7/10/2013,7-Nov-13,11-Nov-13,17-Nov-13,HRDT,HIV test,"Orgenics, Ltd","HIV 1/2, Determine Complete HIV Kit, 100 Tests","HIV 1/2, Determine Complete HIV Kit",Determine,,Test kit,100,2949,262461.0,89.0,0.89,"Alere Medical Co., Ltd.",Yes,1192,19458.84,324.66
35250,108-VN-T30,FPQ-13524,SCMS-226190,ASN-27099,Vietnam,PMO - US,Direct Drop,FCA,Air,2/6/2014,3/10/2014,18-Aug-14,18-Aug-14,25-Aug-14,ARV,Adult,ABBVIE LOGISTICS (FORMERLY ABBOTT LOGISTICS BV),"Ritonavir 100mg [Norvir], film coated tablets, 30 Tabs",Ritonavir,Norvir,100mg,Tablet,30,300,6978.0,23.26,0.78,ABBVIE Ludwigshafen Germany,Yes,38,1779.09,7.17
28777,106-HT-T30,FPQ-13494,SCMS-225423,ASN-28600,Haiti,PMO - US,Direct Drop,EXW,Air,1/21/2014,2/19/2014,3-Nov-14,3-Nov-14,19-Nov-14,HRDT,HIV test,"SHANGHAI KEHUA BIOENGINEERING CO.,LTD.  (KHB)","HIV 1/2, SKB Colloidal Gold, Diagnostic Kit, Antibody, 50 Tests","HIV 1/2, Colloidal Gold, Diagnostic Kit, Antibody",Colloidal Gold,,Test kit,1,400,9800.0,24.5,24.5,"KHB Test Kit Facility, Shanghai China",Yes,253,3145.85,10.07
7954,110-ZM-T01,Pre-PQ Process,SCMS-109,ASN-68,Zambia,PMO - US,Direct Drop,FCA,Air,Pre-PQ Process,Date Not Captured,31-Oct-06,31-Oct-06,31-Oct-06,HRDT,HIV test,Abbott GmbH & Co. KG,"HIV 1/2, Determine Complete HIV Kit, 100 Tests","HIV 1/2, Determine Complete HIV Kit",Determine,,Test kit,100,1250,100000.0,80.0,0.8,ABBVIE GmbH & Co.KG Wiesbaden,Yes,426,2487.58,
36219,161-ZA-T30,FPQ-7175,SCMS-103420,ASN-11472,South Africa,PMO - US,Direct Drop,DDP,Ocean,3/10/2011,3/24/2011,5-Sep-11,5-Sep-11,5-Sep-11,ARV,Adult,Aurobindo Pharma Limited,"Zidovudine 300mg, tablets, 60 Tabs",Zidovudine,Generic,300mg,Tablet,60,100000,730000.0,7.3,0.12,"Aurobindo Unit III, India",Yes,5178,14621.3,1204.5
82570,114-UG-T30,FPQ-11133,SO-43890,DN-3122,Uganda,PMO - US,From RDC,N/A - From RDC,Truck,12/13/2012,N/A - From RDC,7-Jun-13,7-Jun-13,7-Jun-13,ARV,Adult,SCMS from RDC,"Zidovudine 300mg, tablets, 60 Tabs",Zidovudine,Generic,300mg,Tablet,60,1530,10006.2,6.54,0.11,"Aurobindo Unit III, India",Yes,11337,23809.39,12.38
10347,116-ZA-T01,Pre-PQ Process,SCMS-41070,ASN-3625,South Africa,PMO - US,Direct Drop,DDP,Air,Pre-PQ Process,Date Not Captured,12-May-09,30-Dec-08,30-Dec-08,ARV,Pediatric,S. BUYS WHOLESALER,"Stavudine 1mg/ml [Zerit], powder for oral solution, Bottle, 200 ml",Stavudine,Zerit,1mg/ml,Powder for oral solution,200,40,48.4,1.21,0.01,"BMS Meymac, France",No,Weight Captured Separately,Freight Included in Commodity Cost,0.09
3080,116-ZA-T01,Pre-PQ Process,SCMS-19800,ASN-1664,South Africa,PMO - US,Direct Drop,DDP,Truck,Pre-PQ Process,2/20/2008,24-Apr-08,29-Feb-08,29-Feb-08,ARV,Pediatric,S. BUYS WHOLESALER,"Efavirenz 200mg [Stocrin/Sustiva], capsule, 90 Caps",Efavirenz,Stocrin/Sustiva,200mg,Capsule,90,20,563.0,28.15,0.31,"MSD Midrand, J'burg, SA",Yes,Weight Captured Separately,Freight Included in Commodity Cost,0.9
35146,114-UG-T30,FPQ-12290,SCMS-192190,ASN-22601,Uganda,PMO - US,Direct Drop,CIP,Air,5/17/2013,7/3/2013,20-Nov-13,20-Nov-13,21-Nov-13,ARV,Adult,ASPEN PHARMACARE,"Etravirine 100mg [Intelence], tablets, 120 Tabs",Etravirine,Intelence,100mg,Tablet,120,217,7812.0,36.0,0.3,"Janssen-Cilag, Latina, IT",Yes,74,294.86,9.66
75331,116-ZA-T30,FPQ-12522,SCMS-199280,ASN-24433,South Africa,PMO - US,Direct Drop,DDP,Truck,7/11/2013,8/13/2013,7-Feb-14,7-Feb-14,7-Feb-14,ARV,Adult,S. BUYS WHOLESALER,"Nevirapine 200mg, tablets, 60 Tabs",Nevirapine,Generic,200mg,Tablet,60,76,1487.93,19.58,0.33,"Aurobindo Unit III, India",No,Weight Captured Separately,Freight Included in Commodity Cost,1.84
84577,151-NG-T30,FPQ-4537,SO-36671,DN-1925,Nigeria,PMO - US,From RDC,N/A - From RDC,Air,11/6/2009,N/A - From RDC,21-Jul-10,28-Jun-10,28-Jun-10,ARV,Adult,SCMS from RDC,"Lamivudine/Zidovudine 150/300mg, tablets, 60 Tabs",Lamivudine/Zidovudine,Generic,150/300mg,Tablet - FDC,60,53086,465033.36,8.76,0.15,Hetero Unit III Hyderabad IN,No,Weight Captured Separately,Freight Included in Commodity Cost,1002.61
86183,110-ZM-T30,FPQ-14784,SO-49621,DN-4192,Zambia,PMO - US,From RDC,N/A - From RDC,Truck,8/12/2014,N/A - From RDC,1-May-15,10-Apr-15,20-Apr-15,ARV,Adult,SCMS from RDC,"Efavirenz/Lamivudine/Tenofovir Disoproxil Fumarate 600/300/300mg, tablets, 30 Tabs",Efavirenz/Lamivudine/Tenofovir Disoproxil Fumarate,Generic,600/300/300mg,Tablet - FDC,30,600906,5768697.6,9.6,0.32,Mylan (formerly Matrix) Nashik,Yes,67880,78454.01,5930.22
82525,151-NG-T30,FPQ-9968,SO-42683,DN-2902,Nigeria,PMO - US,From RDC,N/A - From RDC,Air,5/23/2012,N/A - From RDC,6-Nov-12,6-Nov-12,6-Nov-12,ARV,Adult,SCMS from RDC,"Nevirapine 200mg, tablets, 60 Tabs",Nevirapine,Generic,200mg,Tablet,60,200000,484000.0,2.42,0.04,"Strides, Bangalore, India.",Yes,12028,15459.09,678.57
43486,108-VN-T30,FPQ-14516,SCMS-249031,ASN-29589,Vietnam,PMO - US,Direct Drop,FCA,Air,7/9/2014,8/11/2014,15-Jan-15,15-Jan-15,24-Feb-15,ARV,Adult,ABBVIE LOGISTICS (FORMERLY ABBOTT LOGISTICS BV),"Ritonavir 100mg [Norvir], film coated tablets, 30 Tabs",Ritonavir,Norvir,100mg,Tablet,30,200,4652.0,23.26,0.78,ABBVIE Ludwigshafen Germany,Yes,22,1475.95,4.78
85011,109-TZ-T30,FPQ-14135,SO-48920,DN-4104,Tanzania,PMO - US,From RDC,N/A - From RDC,Truck,4/24/2014,N/A - From RDC,16-Feb-15,12-Mar-15,16-Mar-15,ARV,Pediatric,SCMS from RDC,"Lamivudine/Zidovudine 30/60mg, dispersible tablets, 60 Tabs",Lamivudine/Zidovudine,Generic,30/60mg,Chewable/dispersible tablet - FDC,60,19389,38778.0,2.0,0.03,"Cipla, Goa, India",Yes,1293,4916,39.86
71293,107-RW-T30,FPQ-13853,SCMS-244220,ASN-27693,Rwanda,PMO - US,Direct Drop,FCA,Air,3/25/2014,6/30/2014,22-Aug-14,22-Aug-14,26-Aug-14,ARV,Pediatric,LAWRENCE LABORATORIES (SUBSIDIARY OF BRISTOL MYERS SQUIBB),"Atazanavir 150mg [Reyataz], capsules, 60 Caps",Atazanavir,Reyataz,150mg,Capsule,60,216,7311.6,33.85,0.56,"BMS Evansville, US",Yes,17,733.64,7.52
28992,107-RW-T30,FPQ-10752,SCMS-162520,ASN-17004,Rwanda,PMO - US,Direct Drop,EXW,Air,10/3/2012,10/16/2012,29-Nov-12,29-Nov-12,29-Nov-12,ARV,Adult,Aurobindo Pharma Limited,"Didanosine 400mg, delayed-release capsules, 30 Caps",Didanosine,Generic,400mg,Delayed-release capsules,30,1680,33600.0,20.0,0.67,"Aurobindo Unit III, India",Yes,131,2004.44,47.11
86756,110-ZM-T30,FPQ-13221,SO-47208,DN-4045,Zambia,PMO - US,From RDC,N/A - From RDC,Truck,10/31/2013,N/A - From RDC,30-Jan-15,19-Feb-15,20-Feb-15,ARV,Adult,SCMS from RDC,"Lamivudine/Tenofovir Disoproxil Fumarate 300/300mg, tablets, 30 Tabs",Lamivudine/Tenofovir Disoproxil Fumarate,Generic,300/300mg,Tablet - FDC,30,18447,85225.14,4.62,0.15,Hetero Unit III Hyderabad IN,Yes,1906,2201.74,87.61
83439,151-NG-T30,FPQ-5023,SO-36465,DN-1896,Nigeria,PMO - US,From RDC,N/A - From RDC,Air,2/10/2010,N/A - From RDC,15-Jul-10,28-Jun-10,28-Jun-10,ARV,Adult,SCMS from RDC,"Nevirapine 200mg, tablets, 60 Tabs",Nevirapine,Generic,200mg,Tablet,60,3000,8190.0,2.73,0.05,"Strides, Bangalore, India.",Yes,206,Freight Included in Commodity Cost,17.66
69606,101-CD-T30,FPQ-16001,SCMS-280210,ASN-31750,"Congo, DRC",PMO - US,Direct Drop,EXW,Air,3/10/2015,3/16/2015,2-Jul-15,2-Jul-15,30-Jul-15,HRDT,HIV test,"Trinity Biotech, Plc","HIV 1/2, Uni-Gold HIV Kit, 20 Tests","HIV 1/2, Uni-Gold HIV Kit",Uni-Gold,,Test kit,20,15,480.0,32.0,1.6,"Trinity Biotech, Plc",No,See ASN-31750 (ID#:19272),See ASN-31750 (ID#:19272),0.56
12396,111-MZ-T01,Pre-PQ Process,SO-298,DN-304,Mozambique,PMO - US,From RDC,N/A - From RDC,Air,Pre-PQ Process,N/A - From RDC,21-Sep-07,21-Sep-07,21-Sep-07,ARV,Pediatric,SCMS from RDC,"Zidovudine 10mg/ml, oral solution, Bottle, 240 ml",Zidovudine,Generic,10mg/ml,Oral solution,240,2185,8630.75,3.95,0.02,"Aurobindo Unit III, India",No,See DN-304 (ID#:10589),See DN-304 (ID#:10589),13.81
37924,109-TZ-T30,FPQ-13945,SCMS-235360,ASN-26124,Tanzania,PMO - US,Direct Drop,EXW,Air,3/27/2014,5/6/2014,15-Jul-14,15-Jul-14,12-Aug-14,HRDT,HIV test,"Trinity Biotech, Plc","HIV 1/2, Uni-Gold HIV Kit, 20 Tests","HIV 1/2, Uni-Gold HIV Kit",Uni-Gold,,Test kit,20,369,11808.0,32.0,1.6,"Trinity Biotech, Plc",Yes,113,1661.01,12.14
5987,104-CI-T01,Pre-PQ Process,SCMS-29160,ASN-2508,Côte d'Ivoire,PMO - US,Direct Drop,EXW,Air,Pre-PQ Process,8/28/2008,13-Oct-08,13-Oct-08,13-Oct-08,HRDT,HIV test,"Orgenics, Ltd","HIV 1/2, Determine HIV Kit, without Lancets, 100 Tests","HIV 1/2, Determine HIV Kit, without Lancets",Determine,,Test kit,100,1174,82180.0,70.0,0.7,Inverness Japan,Yes,275,4015,131.49
12276,113-ZW-T01,Pre-PQ Process,SO-18111,DN-1214,Zimbabwe,PMO - US,From RDC,N/A - From RDC,Air,Pre-PQ Process,N/A - From RDC,12-May-09,12-May-09,12-May-09,ARV,Adult,SCMS from RDC,"Lamivudine/Stavudine 150/30mg, tablets, 60 Tabs",Lamivudine/Stavudine,Generic,150/30mg,Tablet - FDC,60,4000,16000.0,4.0,0.07,"Cipla, Goa, India",Yes,305,2698.04,31.36
84903,100-ZM-T30,FPQ-12497,SO-45940,DN-3565,Zambia,PMO - US,From RDC,N/A - From RDC,Truck,6/20/2013,N/A - From RDC,25-Mar-14,25-Mar-14,4-Apr-14,ARV,Adult,SCMS from RDC,"Lamivudine 150mg, tablets, 60 Tabs",Lamivudine,Generic,150mg,Tablet,60,1209,2696.07,2.23,0.04,"Micro labs, Verna, Goa, India",Yes,609,3526.69,3.34
53281,109-TZ-T30,FPQ-7909,SCMS-115000,ASN-11742,Tanzania,PMO - US,Direct Drop,EXW,Air,6/24/2011,7/14/2011,5-Oct-11,5-Oct-11,5-Oct-11,HRDT,HIV test,"Trinity Biotech, Plc","HIV 1/2, Uni-Gold HIV Kit, 20 Tests","HIV 1/2, Uni-Gold HIV Kit",Uni-Gold,,Test kit,20,450,14400.0,32.0,1.6,"Trinity Biotech, Plc",Yes,149,2242.31,23.76
69881,106-HT-T30,FPQ-7066,SCMS-100140,ASN-10007,Haiti,PMO - US,Direct Drop,FCA,Air,1/27/2011,2/15/2011,5-Apr-11,5-Apr-11,5-Apr-11,ARV,Pediatric,BRISTOL-MYERS SQUIBB,"Didanosine 50mg [Videx], chewable tablets, 60 Tabs",Didanosine,Videx,50mg,Chewable/dispersible tablet,60,300,2850.0,9.5,0.16,"BMS Meymac, France",No,See ASN-10007 (ID#:23194),See ASN-10007 (ID#:23194),4.7
86537,109-TZ-T30,FPQ-10545,SO-43120,DN-2962,Tanzania,PMO - US,From RDC,N/A - From RDC,Truck,8/24/2012,N/A - From RDC,4-Mar-13,4-Mar-13,4-Mar-13,ARV,Adult,SCMS from RDC,"Lopinavir/Ritonavir 200/50mg, tablets, 120 Tabs",Lopinavir/Ritonavir,Generic,200/50mg,Tablet,120,17201,459266.7,26.7,0.22,Mylan (formerly Matrix) Nashik,No,See DN-2962 (ID#:85320),See DN-2962 (ID#:85320),643.89
11518,110-ZM-T01,Pre-PQ Process,SO-783,DN-481,Zambia,PMO - US,From RDC,N/A - From RDC,,Pre-PQ Process,N/A - From RDC,15-Jan-08,15-Jan-08,15-Jan-08,HRDT,HIV test - Ancillary,SCMS from RDC,"HIV, Lancet, Safety, for HIV Test kits, 100 Pcs","HIV, Lancet, Safety, for HIV Test kits, 100 Pcs",Generic,,Test kit - Ancillary,100,2100,21.0,0.01,0.0,Inverness Japan,No,See DN-481 (ID#:10656),See DN-481 (ID#:10656),0.03
16513,106-HT-T30,FPQ-12590,SCMS-210541,ASN-24373,Haiti,PMO - US,Direct Drop,EXW,Ocean,8/21/2013,2/3/2014,9-May-14,9-May-14,12-May-14,ARV,Pediatric,MYLAN LABORATORIES LTD (FORMERLY MATRIX LABORATORIES),"Lamivudine/Nevirapine/Zidovudine 30/50/60mg, dispersible tablets, 60 Tabs",Lamivudine/Nevirapine/Zidovudine,Generic,30/50/60mg,Chewable/dispersible tablet - FDC,60,889,3200.4,3.6,0.06,Mylan (formerly Matrix) Nashik,Yes,94,2350.55,3.96
10986,109-TZ-T01,Pre-PQ Process,SO-13190,DN-922,Tanzania,PMO - US,From RDC,N/A - From RDC,Air,Pre-PQ Process,N/A - From RDC,21-Oct-08,21-Oct-08,21-Oct-08,ARV,Adult,SCMS from RDC,"Lamivudine/Nevirapine/Stavudine 150/200/30mg, tablets, 60 Tabs",Lamivudine/Nevirapine/Stavudine,Generic,150/200/30mg,Tablet - FDC,60,90323,668390.2,7.4,0.12,"Cipla, Goa, India",Yes,9635,52979.7,1069.42
11205,104-CI-T01,Pre-PQ Process,SO-1298,DN-451,Côte d'Ivoire,PMO - US,From RDC,N/A - From RDC,Air,Pre-PQ Process,N/A - From RDC,17-Jan-08,17-Jan-08,17-Jan-08,ARV,Adult,SCMS from RDC,"Lopinavir/Ritonavir 200/50mg [Aluvia], tablets, 120 Tabs",Lopinavir/Ritonavir,Aluvia,200/50mg,Tablet,120,993,40812.3,41.1,0.34,ABBVIE (Abbott) Logis. UK,Yes,217,3499.1,65.3
82554,106-HT-T30,FPQ-11281,SO-44400,DN-3015,Haiti,PMO - US,From RDC,N/A - From RDC,Air,1/16/2013,N/A - From RDC,9-Apr-13,14-Mar-13,14-Mar-13,ARV,Adult,SCMS from RDC,"Efavirenz 600mg, tablets, 30 Tabs",Efavirenz,Generic,600mg,Tablet,30,39936,132986.88,3.33,0.11,"Strides, Bangalore, India.",Yes,16035,161712.87,164.5
46010,107-RW-T30,FPQ-6185,SCMS-84440,ASN-9044,Rwanda,PMO - US,Direct Drop,CIP,Air,9/3/2010,9/17/2010,9-Dec-10,9-Dec-10,9-Dec-10,ARV,Adult,HETERO LABS LIMITED,"Nevirapine 200mg, tablets, 60 Tabs",Nevirapine,Generic,200mg,Tablet,60,63254,166990.56,2.64,0.04,Hetero Unit III Hyderabad IN,Yes,3700,Freight Included in Commodity Cost,360.03
86711,110-ZM-T30,FPQ-14105,SO-48650,DN-3838,Zambia,PMO - US,From RDC,N/A - From RDC,Truck,4/16/2014,N/A - From RDC,4-Sep-14,25-Jul-14,31-Jul-14,ARV,Adult,SCMS from RDC,"Lamivudine/Zidovudine 150/300mg, tablets, 60 Tabs",Lamivudine/Zidovudine,Generic,150/300mg,Tablet - FDC,60,14653,96709.8,6.6,0.11,"Aurobindo Unit III, India",Yes,1413,1325.68,99.42
57849,109-TZ-T30,FPQ-4157,SCMS-52776,ASN-5591,Tanzania,PMO - US,Direct Drop,EXW,Air,8/27/2009,9/11/2009,24-Dec-09,24-Dec-09,24-Dec-09,HRDT,HIV test,"Standard Diagnostics, Inc.","HIV 1/2, Bioline 3.0 Kit, (no accessories), 30 Tests","HIV 1/2, Bioline 3.0 Kit (no accessories)",Bioline,,Test kit,30,4950,118800.0,24.0,0.8,"Standard Diagnostics, Korea",Yes,1650,11737.26,232.85
15149,108-VN-T30,FPQ-6818,SCMS-97850,ASN-11024,Vietnam,PMO - US,Direct Drop,EXW,Air,1/17/2011,2/15/2011,22-Jun-11,22-Jun-11,22-Jun-11,ARV,Adult,MYLAN LABORATORIES LTD (FORMERLY MATRIX LABORATORIES),"Lamivudine 150mg, tablets, 60 Tabs",Lamivudine,Generic,150mg,Tablet,60,20000,40000.0,2.0,0.03,Mylan (formerly Matrix) Nashik,Yes,2806,18207.5,66.0
18316,103-ZW-T30,FPQ-14475,SCMS-245070,ASN-27206,Zimbabwe,PMO - US,Direct Drop,EXW,Air,6/17/2014,6/19/2014,20-Aug-14,20-Aug-14,20-Aug-14,ARV,Pediatric,STRIDES ARCOLAB LIMITED,"Efavirenz 200mg, scored tablets, 90 Tabs",Efavirenz,Generic,200mg,Tablet,90,14164,131725.2,9.3,0.1,"Strides, Bangalore, India.",Yes,884,8280.73,135.41
85468,114-UG-T30,FPQ-13108,SO-46873,DN-3661,Uganda,PMO - US,From RDC,N/A - From RDC,Truck,10/16/2013,N/A - From RDC,20-May-14,8-May-14,13-Jun-14,ARV,Adult,SCMS from RDC,"Lamivudine/Zidovudine 150/300mg, tablets, 60 Tabs",Lamivudine/Zidovudine,Generic,150/300mg,Tablet - FDC,60,114630,771459.9,6.73,0.11,Hetero Unit III Hyderabad IN,Yes,10166,4909.97,793.06
55643,108-VN-T30,FPQ-14516,SCMS-249040,ASN-29768,Vietnam,PMO - US,Direct Drop,EXW,Air,7/9/2014,8/8/2014,5-Feb-15,5-Feb-15,5-Feb-15,ARV,Adult,MYLAN LABORATORIES LTD (FORMERLY MATRIX LABORATORIES),"Lamivudine/Zidovudine 150/300mg, tablets, 60 Tabs",Lamivudine/Zidovudine,Generic,150/300mg,Tablet - FDC,60,10000,64900.0,6.49,0.11,Mylan (formerly Matrix) Nashik,No,See ASN-29768 (ID#:13555),See ASN-29768 (ID#:13555),66.72
47541,107-RW-T30,FPQ-10092,SCMS-149431,ASN-15554,Rwanda,PMO - US,Direct Drop,EXW,Air,6/4/2012,6/12/2012,4-Aug-12,4-Aug-12,4-Aug-12,ARV,Adult,HETERO LABS LIMITED,"Nevirapine 200mg, tablets, 60 Tabs",Nevirapine,Generic,200mg,Tablet,60,37140,86907.6,2.34,0.04,Hetero Unit III Hyderabad IN,No,See ASN-15554 (ID#:33116),See ASN-15554 (ID#:33116),121.84
15,108-VN-T01,Pre-PQ Process,SCMS-78,ASN-50,Vietnam,PMO - US,Direct Drop,EXW,Air,Pre-PQ Process,Date Not Captured,1-Sep-06,1-Sep-06,1-Sep-06,ARV,Adult,SUN PHARMACEUTICAL INDUSTRIES LTD (RANBAXY LABORATORIES LIMITED),"Lamivudine 150mg, tablets, 60 Tabs",Lamivudine,Generic,150mg,Tablet,60,31920,127360.8,3.99,0.07,"Ranbaxy, Paonta Shahib, India",Yes,1855,16007.06,
63362,116-ZA-T30,FPQ-14942,SCMS-259073,ASN-30671,South Africa,PMO - US,Direct Drop,DDP,Truck,9/11/2014,2/12/2015,12-Feb-15,12-Feb-15,12-Feb-15,ARV,Pediatric,PHARMACY DIRECT,"Efavirenz 200mg, capsule, 90 Caps",Efavirenz,Generic,200mg,Capsule,90,21,357.91,17.04,0.19,"Aurobindo Unit III, India",No,Weight Captured Separately,Freight Included in Commodity Cost,0.37
12917,151-NG-T01,Pre-PQ Process,SO-33338,DN-1445,Nigeria,PMO - US,From RDC,N/A - From RDC,Air Charter,Date Not Captured,N/A - From RDC,20-Oct-09,20-Oct-09,20-Oct-09,ARV,Adult,SCMS from RDC,"Lamivudine/Nevirapine/Zidovudine 150/200/300mg, tablets, 60 Tabs",Lamivudine/Nevirapine/Zidovudine,Generic,150/300/200mg,Tablet - FDC,60,25281,288203.4,11.4,0.19,"Aurobindo Unit III, India",Yes,2847,9341.49,564.88
11756,111-MZ-T01,Pre-PQ Process,SO-298,DN-304,Mozambique,PMO - US,From RDC,N/A - From RDC,Air,Pre-PQ Process,N/A - From RDC,21-Sep-07,21-Sep-07,21-Sep-07,ARV,Pediatric,SCMS from RDC,"Efavirenz 50mg, capsule, 30 Caps",Efavirenz,Generic,50mg,Capsule,30,2414,8255.88,3.42,0.11,"Aurobindo Unit III, India",No,See DN-304 (ID#:10589),See DN-304 (ID#:10589),13.21
3763,116-ZA-T01,Pre-PQ Process,SCMS-41461,ASN-4360,South Africa,PMO - US,Direct Drop,DDP,Air,Pre-PQ Process,3/18/2009,25-Jun-09,20-Apr-09,20-Apr-09,ARV,Pediatric,S. BUYS WHOLESALER,"Zidovudine 10mg/ml [Retrovir], solution for IV infusion injection, Vial 5 x 20 ml",Zidovudine,Retrovir,10mg/ml,Injection,5,334,4559.1,13.65,2.73,GSK Ware (UK),Yes,Weight Captured Separately,Freight Included in Commodity Cost,8.94
82678,104-CI-T30,FPQ-12144,SO-45640,DN-3711,Côte d'Ivoire,PMO - US,From RDC,N/A - From RDC,Truck,4/22/2013,N/A - From RDC,4-Jun-14,16-Jun-14,10-Jul-14,ARV,Pediatric,SCMS from RDC,"Efavirenz 200mg, scored tablets, 90 Tabs",Efavirenz,Generic,200mg,Tablet,90,5840,54312.0,9.3,0.1,"Strides, Bangalore, India.",Yes,347,3132.77,67.18
45741,105-SS-T30,FPQ-15569,SCMS-272150,ASN-31765,South Sudan,PMO - US,Direct Drop,EXW,Air,12/29/2014,2/20/2015,25-Jul-15,25-Jul-15,29-Jul-15,HRDT,HIV test,"Trinity Biotech, Plc","HIV 1/2, Uni-Gold HIV Kit, 20 Tests","HIV 1/2, Uni-Gold HIV Kit",Uni-Gold,,Test kit,20,35,1120.0,32.0,1.6,"Trinity Biotech, Plc",No,See ASN-31765 (ID#:41640),See ASN-31765 (ID#:41640),1.32
85410,151-NG-T30,FPQ-11864,SO-44933,DN-3369,Nigeria,PMO - US,From RDC,N/A - From RDC,Air Charter,3/14/2013,N/A - From RDC,31-Oct-13,14-Oct-13,24-Oct-13,ARV,Adult,SCMS from RDC,"Lamivudine/Nevirapine/Zidovudine 150/200/300mg, tablets, 60 Tabs",Lamivudine/Nevirapine/Zidovudine,Generic,150/300/200mg,Tablet - FDC,60,123700,1061346.0,8.58,0.14,"Cipla, Goa, India",Yes,18882,20225.07,1312.89
68128,105-SS-T30,FPQ-12623,SCMS-200920,ASN-21751,South Sudan,PMO - US,Direct Drop,EXW,Air,7/18/2013,8/6/2013,18-Oct-13,18-Oct-13,18-Oct-13,HRDT,HIV test,"Trinity Biotech, Plc","HIV 1/2, Uni-Gold HIV Kit, 20 Tests","HIV 1/2, Uni-Gold HIV Kit",Uni-Gold,,Test kit,20,25,800.0,32.0,1.6,"Trinity Biotech, Plc",No,See ASN-21751 (ID#:13968),See ASN-21751 (ID#:13968),0.99
82518,107-RW-T30,FPQ-9969,SO-42430,DN-2885,Rwanda,PMO - US,From RDC,N/A - From RDC,Air,5/25/2012,N/A - From RDC,31-Oct-12,30-Oct-12,30-Oct-12,ARV,Adult,SCMS from RDC,"Efavirenz/Lamivudine/Tenofovir Disoproxil Fumarate 600/300/300mg, tablets, 30 Tabs",Efavirenz/Lamivudine/Tenofovir Disoproxil Fumarate,Generic,600/300/300mg,Tablet - FDC,30,59989,796054.03,13.27,0.44,Mylan (formerly Matrix) Nashik,Yes,7242,5825.18,1116.07
75122,113-ZW-T30,FPQ-10036,SCMS-150570,ASN-16202,Zimbabwe,PMO - US,Direct Drop,EXW,Air,6/15/2012,7/11/2012,10-Oct-12,10-Oct-12,10-Oct-12,HRDT,HIV test,BIOLYTICAL LABORATORIES INC.,"HIV 1/2, INSTI HIV Antibody Individual POC, 1 Test","HIV 1/2, INSTI HIV Antibody Individual POC, 1 Test",INSTi,,Test kit,1,11626,29065.0,2.5,2.5,bioLytical Laboratories,Yes,613,8434.27,40.75
84052,110-ZM-T30,FPQ-6221,SO-37320,DN-2054,Zambia,PMO - US,From RDC,N/A - From RDC,Truck,8/20/2010,N/A - From RDC,31-Dec-10,25-Nov-10,25-Nov-10,ARV,Adult,SCMS from RDC,"Lamivudine/Nevirapine/Stavudine 150/200/30mg, tablets, 60 Tabs",Lamivudine/Nevirapine/Stavudine,Generic,150/200/30mg,Tablet - FDC,60,36562,198531.66,5.43,0.09,"Cipla, Goa, India",No,See DN-2054 (ID#:83465),See DN-2054 (ID#:83465),428.03
57541,111-MZ-T30,FPQ-7054,SCMS-98430,ASN-12216,Mozambique,PMO - US,Direct Drop,FCA,Air,1/21/2011,2/8/2011,2-Nov-11,2-Nov-11,2-Nov-11,ARV,Adult,Hoffmann-La Roche ltd Basel,"Saquinavir 200mg [Invirase], capsules, 270 Caps",Saquinavir,Invirase,200mg,Capsule,270,461,47723.35,103.52,0.38,Roche Basel,Yes,238,2556.61,78.74
84749,900-TZ-T30,FPQ-10391,SO-43011,DN-2822,Tanzania,PMO - US,From RDC,N/A - From RDC,Air,7/26/2012,N/A - From RDC,26-Oct-12,26-Oct-12,26-Oct-12,ARV,Adult,SCMS from RDC,"Efavirenz 600mg, tablets, 30 Tabs",Efavirenz,Generic,600mg,Tablet,30,90000,342900.0,3.81,0.13,"Aurobindo Unit III, India",Yes,7867,21567.19,480.75
65458,116-ZA-T30,FPQ-12522,SCMS-199289,ASN-28036,South Africa,PMO - US,Direct Drop,DDP,Truck,7/11/2013,8/29/2014,29-Aug-14,29-Aug-14,29-Aug-14,ARV,Pediatric,S. BUYS WHOLESALER,"Abacavir 20mg/ml, oral solution w/syringe, Bottle, 240 ml",Abacavir,Generic,20mg/ml,Oral solution,240,171,4623.54,27.04,0.11,"Aurobindo Unit III, India",No,Weight Captured Separately,Freight Included in Commodity Cost,5.72
83767,111-MZ-T30,FPQ-13123,SO-47081,DN-3558,Mozambique,PMO - US,From RDC,N/A - From RDC,Truck,10/21/2013,N/A - From RDC,15-Apr-14,28-Mar-14,4-Apr-14,ARV,Adult,SCMS from RDC,"Nevirapine 200mg, tablets, 60 Tabs",Nevirapine,Generic,200mg,Tablet,60,2100,4746.0,2.26,0.04,Hetero Unit III Hyderabad IN,No,See DN-3558 (ID#:83766),See DN-3558 (ID#:83766),4.88
16277,117-ET-T30,FPQ-9096,SCMS-133330,ASN-14559,Ethiopia,PMO - US,Direct Drop,EXW,Air,1/5/2012,1/23/2012,25-Apr-12,25-Apr-12,25-Apr-12,HRDT,HIV test,"Trinity Biotech, Plc","HIV 1/2, Uni-Gold HIV Kit, 20 Tests","HIV 1/2, Uni-Gold HIV Kit",Uni-Gold,,Test kit,20,26,832.0,32.0,1.6,"Trinity Biotech, Plc",Yes,17,334.65,1.17
11636,106-HT-T01,Pre-PQ Process,SO-24840,DN-1221,Haiti,PMO - US,From RDC,N/A - From RDC,Air,Pre-PQ Process,N/A - From RDC,22-May-09,22-May-09,22-May-09,ARV,Adult,SCMS from RDC,"Stavudine 30mg, capsules, 60 Caps",Stavudine,Generic,30mg,Capsule,60,4860,7241.4,1.49,0.02,"Aurobindo Unit III, India",Yes,2034,23441.88,14.19
12793,136-RW-T01,Pre-PQ Process,SO-11520,DN-842,Cameroon,PMO - US,From RDC,N/A - From RDC,Air,Pre-PQ Process,N/A - From RDC,20-Aug-08,20-Aug-08,20-Aug-08,HRDT,HIV test,SCMS from RDC,"HIV 1/2, Uni-Gold HIV Kit, 20 Tests","HIV 1/2, Uni-Gold HIV Kit",Uni-Gold,,Test kit,20,2000,64000.0,32.0,1.6,"Trinity Biotech, Plc",Yes,643,7805.33,102.4
12259,123-NG-T01,Pre-PQ Process,SO-11232,DN-958,Nigeria,PMO - US,From RDC,N/A - From RDC,Air,Pre-PQ Process,N/A - From RDC,31-Oct-08,31-Oct-08,31-Oct-08,ARV,Adult,SCMS from RDC,"Lopinavir/Ritonavir 200/50mg [Aluvia], tablets, 120 Tabs",Lopinavir/Ritonavir,Aluvia,200/50mg,Tablet,120,2034,83597.4,41.1,0.34,ABBVIE Ludwigshafen Germany,No,See DN-958 (ID#:10750),See DN-958 (ID#:10750),163.85
86323,151-NG-T30,FPQ-5688,SO-36912,DN-1970,Nigeria,PMO - US,From RDC,N/A - From RDC,Air Charter,5/27/2010,N/A - From RDC,31-Aug-10,17-Aug-10,17-Aug-10,ARV,Adult,SCMS from RDC,"Emtricitabine/Tenofovir Disoproxil Fumarate 200/300mg, tablets, 30 Tabs",Emtricitabine/Tenofovir Disoproxil Fumarate,Generic,200/300mg,Tablet - FDC,30,10000,117500.0,11.75,0.39,Mylan (formerly Matrix) Nashik,Yes,900,6147.18,253.33
35913,161-ZA-T30,FPQ-6708,SCMS-93550,ASN-11197,South Africa,PMO - US,Direct Drop,DDP,Ocean,11/26/2010,12/14/2010,13-Jun-11,22-Sep-11,22-Sep-11,ARV,Adult,Aurobindo Pharma Limited,"Tenofovir Disoproxil Fumarate 300mg, tablets, 30 Tabs",Tenofovir Disoproxil Fumarate,Generic,300mg,Tablet,30,42938,285537.7,6.65,0.22,"Aurobindo Unit III, India",Yes,4008,6121.39,471.14
86402,900-GH-T30,FPQ-7866,SO-40000,DN-2320,Ghana,PMO - US,From RDC,N/A - From RDC,Air,6/13/2011,N/A - From RDC,14-Nov-11,14-Nov-11,14-Nov-11,ARV,Adult,SCMS from RDC,"Nevirapine 200mg, tablets, 60 Tabs",Nevirapine,Generic,200mg,Tablet,60,45084,113160.84,2.51,0.04,Hetero Unit III Hyderabad IN,No,See DN-2320 (ID#:83523),See DN-2320 (ID#:83523),186.72
84057,111-MZ-T30,FPQ-6426,SO-37600,DN-2086,Mozambique,PMO - US,From RDC,N/A - From RDC,Truck,9/23/2010,N/A - From RDC,10-Mar-11,2-Mar-11,2-Mar-11,ARV,Adult,SCMS from RDC,"Lamivudine/Stavudine 150/30mg, tablets, 60 Tabs",Lamivudine/Stavudine,Generic,150/30mg,Tablet - FDC,60,23448,76909.44,3.28,0.05,"Cipla, Goa, India",Yes,1804,4815.8,165.82
34593,110-ZM-T30,FPQ-8315,SCMS-120570,ASN-13035,Zambia,PMO - US,Direct Drop,EXW,Air,8/31/2011,9/22/2011,20-Dec-11,16-Dec-11,16-Dec-11,HRDT,HIV test,"Orgenics, Ltd","HIV 1/2, Determine Complete HIV Kit, 100 Tests","HIV 1/2, Determine Complete HIV Kit",Determine,,Test kit,100,1224,97920.0,80.0,0.8,"Alere Medical Co., Ltd.",Yes,588,11491.6,161.57
1095,144-BW-T01,Pre-PQ Process,SCMS-41870,ASN-4896,Botswana,PMO - US,Direct Drop,EXW,Air,Pre-PQ Process,3/25/2009,13-Nov-09,13-Nov-09,13-Nov-09,HRDT,HIV test,Orasure Technologies Inc.,"HIV 1/2, OraQuick Advance HIV Rapid Antibody Kit, 100 Tests","HIV 1/2, OraQuick Advance HIV Rapid Antibody Kit",OraQuick,,Test kit,100,20,7000.0,350.0,3.5,"Pacific Biotech, Thailand",Yes,48,1172.11,13.72
43834,901-NA-T30,FPQ-14728,SCMS-252630,ASN-29184,Namibia,PMO - US,Direct Drop,EXW,Air,7/30/2014,8/19/2014,25-Nov-14,25-Nov-14,26-Nov-14,ARV,Adult,MYLAN LABORATORIES LTD (FORMERLY MATRIX LABORATORIES),"Efavirenz/Emtricitabine/Tenofovir Disoproxil Fumarate 600/200/300mg, tablets, 30 Tabs",Efavirenz/Emtricitabine/Tenofovir Disoproxil Fumarate,Generic,600/200/300mg,Tablet - FDC,30,29160,306180.0,10.5,0.35,"Mylan,  H-12 & H-13, India",Yes,3402,17118.8,314.75
11865,131-NG-T01,Pre-PQ Process,SO-2664,DN-750,Nigeria,PMO - US,From RDC,N/A - From RDC,Air,Pre-PQ Process,N/A - From RDC,27-May-08,27-May-08,27-May-08,ARV,Adult,SCMS from RDC,"Lamivudine/Nevirapine/Zidovudine 150/200/300mg, tablets, 60 Tabs",Lamivudine/Nevirapine/Zidovudine,Generic,150/300/200mg,Tablet - FDC,60,16610,220580.8,13.28,0.22,"Aurobindo Unit III, India",Yes,1832,11815.12,352.93
8470,125-HT-T01,Pre-PQ Process,SCMS-23580,ASN-1821,Haiti,PMO - US,Direct Drop,EXW,Air,Pre-PQ Process,5/13/2008,6-Jun-08,6-Jun-08,6-Jun-08,HRDT,HIV test,"Trinity Biotech, Plc","HIV 1/2, Capillus HIV Kit, 100 Tests","HIV 1/2, Capillus HIV Kit",Capillus,,Test kit,100,4,556.0,139.0,1.39,"Trinity Biotech, Plc",Yes,3,1808.19,0.89
52286,108-VN-T30,FPQ-7565,SCMS-107630,ASN-11362,Vietnam,PMO - US,Direct Drop,EXW,Air,4/21/2011,5/2/2011,26-Jul-11,26-Jul-11,26-Jul-11,ARV,Adult,STRIDES ARCOLAB LIMITED,"Efavirenz 600mg, tablets, 30 Tabs",Efavirenz,Generic,600mg,Tablet,30,33000,135300.0,4.1,0.14,"Strides, Bangalore, India.",No,See ASN-11362 (ID#:47253),See ASN-11362 (ID#:47253),223.24
58731,116-ZA-T30,FPQ-12522,SCMS-199289,ASN-28034,South Africa,PMO - US,Direct Drop,DDP,Truck,7/11/2013,8/29/2014,29-Aug-14,29-Aug-14,29-Aug-14,ARV,Pediatric,S. BUYS WHOLESALER,"Efavirenz 50mg, capsule, 30 Caps",Efavirenz,Generic,50mg,Capsule,30,94,311.73,3.32,0.11,"Aurobindo Unit III, India",No,Weight Captured Separately,Freight Included in Commodity Cost,0.39
86159,111-MZ-T30,FPQ-13575,SO-47705,DN-4081,Mozambique,PMO - US,From RDC,N/A - From RDC,Truck,1/17/2014,N/A - From RDC,27-Feb-15,3-Mar-15,9-Mar-15,ARV,Adult,SCMS from RDC,"Lamivudine/Zidovudine 150/300mg, tablets, 60 Tabs",Lamivudine/Zidovudine,Generic,150/300mg,Tablet - FDC,60,43334,291637.82,6.73,0.11,Hetero Unit III Hyderabad IN,No,See DN-4081 (ID#:83872),See DN-4081 (ID#:83872),299.8
6396,116-ZA-T01,Pre-PQ Process,SCMS-40810,ASN-3634,South Africa,PMO - US,Direct Drop,DDP,Air,Pre-PQ Process,Date Not Captured,31-Mar-09,2-Dec-08,2-Dec-08,ARV,Pediatric,S. BUYS WHOLESALER,"Stavudine 1mg/ml, powder for oral solution, 200 ml",Stavudine,Generic,1mg/ml,Oral solution,200,500,1000.0,2.0,0.01,"Aurobindo Unit III, India",No,Weight Captured Separately,Freight Included in Commodity Cost,1.96
12923,100-GH-T01,Pre-PQ Process,SO-33650,DN-1473,Ghana,PMO - US,From RDC,N/A - From RDC,Truck,Date Not Captured,N/A - From RDC,30-Sep-09,12-Aug-09,12-Aug-09,ARV,Pediatric,SCMS from RDC,"Lopinavir/Ritonavir 80/20mg/ml [Kaletra], oral solution, cool, Bottle 5 x 60 ml",Lopinavir/Ritonavir,Kaletra,80/20mg/ml,Oral solution,300,896,8.96,0.01,0.0,ABBVIE (Abbott) Logis. UK,No,See DN-1473 (ID#:11358),See DN-1473 (ID#:11358),0.02
84075,104-CI-T30,FPQ-6499,SO-37730,DN-2158,Côte d'Ivoire,PMO - US,From RDC,N/A - From RDC,Air,10/4/2010,N/A - From RDC,24-Mar-11,7-Jun-11,7-Jun-11,ARV,Adult,SCMS from RDC,"Efavirenz/Emtricitabine/Tenofovir Disoproxil Fumarate 600/200/300mg, tablets, 30 Tabs",Efavirenz/Emtricitabine/Tenofovir Disoproxil Fumarate,Generic,600/200/300mg,Tablet - FDC,30,11280,224697.6,19.92,0.66,Mylan (formerly Matrix) Nashik,Yes,1264,3380.35,370.75
84785,114-UG-T30,FPQ-11143,SO-43961,DN-3001,Uganda,PMO - US,From RDC,N/A - From RDC,Air,12/13/2012,N/A - From RDC,22-Feb-13,20-Feb-13,20-Feb-13,ARV,Adult,SCMS from RDC,"Lopinavir/Ritonavir 200/50mg, tablets, 120 Tabs",Lopinavir/Ritonavir,Generic,200/50mg,Tablet,120,12440,308014.4,24.76,0.21,"Aurobindo Unit III, India",No,See DN-3001 (ID#:83651),See DN-3001 (ID#:83651),381.01
31917,103-ZW-T30,FPQ-13969,SCMS-239230,ASN-27927,Zimbabwe,PMO - US,Direct Drop,CIP,Air,4/8/2014,5/16/2014,4-Sep-14,4-Sep-14,28-Oct-14,ARV,Pediatric,MYLAN LABORATORIES LTD (FORMERLY MATRIX LABORATORIES),"Lamivudine/Nevirapine/Zidovudine 30/50/60mg, dispersible tablets, 60 Tabs",Lamivudine/Nevirapine/Zidovudine,Generic,30/50/60mg,Chewable/dispersible tablet - FDC,60,164950,593820.0,3.6,0.06,Mylan (formerly Matrix) Nashik,Yes,9210,7510,610.45
11373,100-CI-T01,Pre-PQ Process,SO-397,DN-54,Côte d'Ivoire,PMO - US,From RDC,N/A - From RDC,,Pre-PQ Process,N/A - From RDC,4-May-07,4-May-07,4-May-07,ARV,Adult,SCMS from RDC,"Efavirenz 600mg, tablets, 30 Tabs",Efavirenz,Generic,600mg,Tablet,30,4500,73125.0,16.25,0.54,"Aurobindo Unit III, India",Yes,410,1931,
11397,104-CI-T01,Pre-PQ Process,SO-517,DN-160,Côte d'Ivoire,PMO - US,From RDC,N/A - From RDC,,Pre-PQ Process,N/A - From RDC,15-Jun-07,15-Jun-07,15-Jun-07,ARV,Adult,SCMS from RDC,"Lamivudine/Nevirapine/Stavudine 150/200/30mg, tablets, 60 Tabs",Lamivudine/Nevirapine/Stavudine,Generic,150/200/30mg,Tablet - FDC,60,8347,62602.5,7.5,0.12,"Cipla, Goa, India",Yes,1313,3908,
82844,104-CI-T30,FPQ-4187,SO-33530,DN-1508,Côte d'Ivoire,PMO - US,From RDC,N/A - From RDC,Air,9/9/2009,N/A - From RDC,26-Nov-09,5-Nov-09,5-Nov-09,ARV,Adult,SCMS from RDC,"Nevirapine 200mg, tablets, 60 Tabs",Nevirapine,Generic,200mg,Tablet,60,6050,17545.0,2.9,0.05,"Aurobindo Unit III, India",Yes,442,5028.04,34.39
81358,103-ZW-T30,FPQ-9905,SCMS-148290,ASN-16418,Zimbabwe,PMO - US,Direct Drop,FCA,Air,5/29/2012,7/18/2012,8-Nov-12,8-Nov-12,8-Nov-12,ARV,Pediatric,ABBVIE LOGISTICS (FORMERLY ABBOTT LOGISTICS BV),"Lopinavir/Ritonavir 80/20mg/ml [Kaletra], oral solution, cool, Bottle 5 x 60 ml",Lopinavir/Ritonavir,Kaletra,80/20mg/ml,Oral solution,300,1500,46230.0,30.82,0.1,ABBVIE (Abbott) Logis. UK,Yes,1374,15504.4,64.81
85244,102-BI-T30,FPQ-9229,SO-41530,DN-2594,Burundi,PMO - US,From RDC,N/A - From RDC,Air,1/25/2012,N/A - From RDC,26-Apr-12,4-May-12,4-May-12,ARV,Adult,SCMS from RDC,"Lopinavir/Ritonavir 200/50mg [Aluvia], tablets, 120 Tabs",Lopinavir/Ritonavir,Aluvia,200/50mg,Tablet,120,240,8097.6,33.74,0.28,ABBVIE Ludwigshafen Germany,No,See DN-2594 (ID#:83021),See DN-2594 (ID#:83021),11.35
83483,104-CI-T30,FPQ-6144,SO-38380,DN-2106,Côte d'Ivoire,PMO - US,From RDC,N/A - From RDC,Air,8/3/2010,N/A - From RDC,31-Jan-11,22-Feb-11,22-Feb-11,ARV,Adult,SCMS from RDC,"Lamivudine/Zidovudine 150/300mg, tablets, 60 Tabs",Lamivudine/Zidovudine,Generic,150/300mg,Tablet - FDC,60,18507,158234.85,8.55,0.14,"Aurobindo Unit III, India",No,See DN-2106 (ID#:82933),See DN-2106 (ID#:82933),341.15
85829,104-CI-T30,FPQ-8787,SO-41160,DN-2552,Côte d'Ivoire,PMO - US,From RDC,N/A - From RDC,Air,11/11/2011,N/A - From RDC,19-Mar-12,24-Feb-12,24-Feb-12,ARV,Adult,SCMS from RDC,"Efavirenz 600mg, tablets, 30 Tabs",Efavirenz,Generic,600mg,Tablet,30,12446,51277.52,4.12,0.14,"Strides, Bangalore, India.",No,See DN-2552 (ID#:85237),See DN-2552 (ID#:85237),71.89
83004,101-CD-T30,FPQ-8840,SO-41137,DN-2499,"Congo, DRC",PMO - US,From RDC,N/A - From RDC,Air,11/21/2011,N/A - From RDC,16-Mar-12,14-Feb-12,14-Feb-12,ARV,Adult,SCMS from RDC,"Abacavir 300mg, tablets, 60 Tabs",Abacavir,Generic,300mg,Tablet,60,55,804.65,14.63,0.24,Mylan (formerly Matrix) Nashik,Yes,Weight Captured Separately,Invoiced Separately,1.13
72492,133-NG-T30,FPQ-10765,SCMS-162450,ASN-19648,Nigeria,PMO - US,Direct Drop,EXW,Air,10/5/2012,10/16/2012,12-Jun-13,12-Jun-13,12-Jun-13,HRDT,HIV test,"CHEMBIO DIAGNOSTIC SYSTEMS, INC.","HIV 1/2, Stat-Pak HIV, Kit, 20 Tests","HIV 1/2, Stat-Pak HIV, Kit",Stat-Pak,,Test kit,20,4848,140592.0,29.0,1.45,Chembio Diagnostics Sys. Inc.,Yes,1784,8248.33,197.11
24653,109-TZ-T30,FPQ-12197,SCMS-189360,ASN-21231,Tanzania,PMO - US,Direct Drop,EXW,Air,4/30/2013,5/29/2013,17-Sep-13,15-Sep-13,15-Sep-13,HRDT,HIV test,"Standard Diagnostics, Inc.","HIV 1/2, Determine Complete HIV Kit, 100 Tests","HIV 1/2, Determine Complete HIV Kit",Determine,,Test kit,100,3029,0.0,0.0,0.0,"Alere Medical Co., Ltd.",Yes,1255,21384.75,0.0
68397,114-UG-T30,FPQ-12841,SCMS-205040,ASN-23308,Uganda,PMO - US,Direct Drop,EXW,Air,8/19/2013,9/2/2013,17-Jan-14,17-Jan-14,21-Jan-14,ARV,Pediatric,Aurobindo Pharma Limited,"Nevirapine 50mg, dispersible tablets (tablets for oral suspension), 30 Tabs",Nevirapine,Generic,50mg,Chewable/dispersible tablet,30,9051,11313.75,1.25,0.04,"Aurobindo Unit III, India",Yes,575,3231.11,14.0
43827,101-CD-T30,FPQ-14100,SCMS-239410,ASN-26738,"Congo, DRC",PMO - US,Direct Drop,EXW,Air,4/23/2014,5/20/2014,5-Sep-14,5-Sep-14,16-Sep-14,HRDT,HIV test,"Trinity Biotech, Plc","HIV 1/2, Uni-Gold HIV Kit, 20 Tests","HIV 1/2, Uni-Gold HIV Kit",Uni-Gold,,Test kit,20,6,192.0,32.0,1.6,"Trinity Biotech, Plc",No,See ASN-26738 (ID#:15115),See ASN-26738 (ID#:15115),0.2
54679,101-KE-T30,FPQ-10314,SCMS-153910,ASN-17658,Kenya,PMO - US,Direct Drop,CIP,Air,7/12/2012,11/6/2012,28-Feb-13,28-Feb-13,28-Feb-13,HRDT,HIV test,"Orgenics, Ltd","HIV 1/2, Determine Complete HIV Kit, 100 Tests","HIV 1/2, Determine Complete HIV Kit",Determine,,Test kit,100,7435,661715.0,89.0,0.89,"Alere Medical Co., Ltd.",Yes,1479,91.67,927.72
86245,114-UG-T30,FPQ-4454,SO-34300,DN-1551,Uganda,PMO - US,From RDC,N/A - From RDC,Air,9/25/2009,N/A - From RDC,17-Jan-10,25-Nov-09,25-Nov-09,ARV,Adult,SCMS from RDC,"Lamivudine/Tenofovir Disoproxil Fumarate 300/300mg, tablets, 30 Tabs",Lamivudine/Tenofovir Disoproxil Fumarate,Generic,300/300mg,Tablet - FDC,30,2150,21500.0,10.0,0.33,Mylan (formerly Matrix) Nashik,Yes,179,2196.29,42.14
86250,114-UG-T30,FPQ-4497,SO-34830,DN-1597,Uganda,PMO - US,From RDC,N/A - From RDC,Air,10/28/2009,N/A - From RDC,10-Feb-10,7-Jan-10,7-Jan-10,ARV,Adult,SCMS from RDC,"Efavirenz 600mg, tablets, 30 Tabs",Efavirenz,Generic,600mg,Tablet,30,2500,14450.0,5.78,0.19,"Aurobindo Unit III, India",Yes,216,2064.42,31.15
62322,102-AO-T30,FPQ-6434,SCMS-91630,ASN-9551,Angola,PMO - US,Direct Drop,EXW,Air,10/28/2010,11/10/2010,12-May-11,12-May-11,12-May-11,HRDT,HIV test,"Orgenics, Ltd","HIV 1/2, Determine Complete HIV Kit, 100 Tests","HIV 1/2, Determine Complete HIV Kit",Determine,,Test kit,100,1800,144000.0,80.0,0.8,Inverness Japan,Yes,865,13790.1,310.46
11665,151-NG-T01,Pre-PQ Process,SO-32645,DN-1339,Nigeria,PMO - US,From RDC,N/A - From RDC,Air Charter,Date Not Captured,N/A - From RDC,4-Aug-09,4-Aug-09,4-Aug-09,ARV,Adult,SCMS from RDC,"Lamivudine/Nevirapine/Zidovudine 150/200/300mg, tablets, 60 Tabs",Lamivudine/Nevirapine/Zidovudine,Generic,150/300/200mg,Tablet - FDC,60,4501,51311.4,11.4,0.19,"Aurobindo Unit III, India",Yes,507,7445.8,100.57
85828,109-TZ-T30,FPQ-8303,SO-40520,DN-2536,Tanzania,PMO - US,From RDC,N/A - From RDC,Truck,8/22/2011,N/A - From RDC,30-Mar-12,12-Mar-12,12-Mar-12,ARV,Pediatric,SCMS from RDC,"Nevirapine 10mg/ml, oral suspension w/syringe, Bottle, 240 ml",Nevirapine,Generic,10mg/ml,Oral suspension,240,32554,63480.3,1.95,0.01,"Aurobindo Unit III, India",Yes,Weight Captured Separately,Invoiced Separately,104.74
2996,116-ZA-T01,Pre-PQ Process,SCMS-16600,ASN-1520,South Africa,PMO - US,Direct Drop,DDP,,Pre-PQ Process,1/4/2008,21-Jan-08,4-Jan-08,4-Jan-08,ARV,Adult,"JSI R&T INSTITUTE, INC.","Ritonavir 100mg [Norvir], capsules, cool, 84 Caps",Ritonavir,Norvir,100mg,Capsule,84,3,32.31,10.77,0.13,ABBVIE (Abbott) Logis. UK,No,Weight Captured Separately,Freight Included in Commodity Cost,0.05
26741,103-SS-T30,FPQ-11382,SCMS-173330,ASN-18684,South Sudan,PMO - US,Direct Drop,EXW,Air,1/4/2013,1/22/2013,9-May-13,9-May-13,9-May-13,HRDT,HIV test,"Orgenics, Ltd","HIV 1/2, Determine Complete HIV Kit, 100 Tests","HIV 1/2, Determine Complete HIV Kit",Determine,,Test kit,100,544,48416.0,89.0,0.89,"Alere Medical Co., Ltd.",Yes,226,5613.63,59.89
82603,105-GY-T30,FPQ-12047,SO-45050,DN-3331,Guyana,PMO - US,From RDC,N/A - From RDC,Air,4/15/2013,N/A - From RDC,30-Sep-13,4-Oct-13,22-Oct-13,ARV,Pediatric,SCMS from RDC,"Efavirenz 200mg, scored tablets, 90 Tabs",Efavirenz,Generic,200mg,Tablet,90,71,660.3,9.3,0.1,"Strides, Bangalore, India.",Yes,395,1303,0.82
11837,112-NG-T01,Pre-PQ Process,SO-1570,DN-535,Nigeria,PMO - US,From RDC,N/A - From RDC,Air,Pre-PQ Process,N/A - From RDC,9-Jan-08,9-Jan-08,9-Jan-08,ARV,Adult,SCMS from RDC,"Efavirenz 600mg, tablets, 30 Tabs",Efavirenz,Generic,600mg,Tablet,30,818,10159.56,12.42,0.41,"Aurobindo Unit III, India",No,See DN-535 (ID#:10658),See DN-535 (ID#:10658),16.26
78397,901-NA-T30,FPQ-14689,SCMS-253430,ASN-28398,Namibia,PMO - US,Direct Drop,EXW,Air,7/30/2014,8/29/2014,13-Oct-14,13-Oct-14,13-Oct-14,ARV,Adult,HETERO LABS LIMITED,"Efavirenz 600mg, tablets, 30 Tabs",Efavirenz,Generic,600mg,Tablet,30,21050,73675.0,3.5,0.12,"Hetero, Jadcherla, unit 5, IN",Yes,1812,8683.99,75.74
1067,116-ZA-T01,Pre-PQ Process,SCMS-41060,ASN-3624,South Africa,PMO - US,Direct Drop,DDP,Air,Pre-PQ Process,Date Not Captured,5-May-09,23-Dec-08,23-Dec-08,ARV,Pediatric,S. BUYS WHOLESALER,"Stavudine 1mg/ml [Zerit], powder for oral solution, Bottle, 200 ml",Stavudine,Zerit,1mg/ml,Powder for oral solution,200,960,1152.0,1.2,0.01,"BMS Meymac, France",Yes,Weight Captured Separately,Freight Included in Commodity Cost,2.26
67769,105-DO-T30,FPQ-12359,SCMS-202330,ASN-22277,Dominican Republic,PMO - US,Direct Drop,EXW,Air,6/4/2013,8/7/2013,29-Oct-13,29-Oct-13,1-Nov-13,HRDT,HIV test,"Standard Diagnostics, Inc.","HIV 1/2, Determine Complete HIV Kit, 100 Tests","HIV 1/2, Determine Complete HIV Kit",Determine,,Test kit,100,112,0.0,0.0,0.0,"Alere Medical Co., Ltd.",No,See ASN-22277 (ID#:61493),See ASN-22277 (ID#:61493),0.0
85458,104-CI-T30,FPQ-12144,SO-45641,DN-3631,Côte d'Ivoire,PMO - US,From RDC,N/A - From RDC,Truck,4/22/2013,N/A - From RDC,30-May-14,23-Apr-14,11-Jun-14,ARV,Adult,SCMS from RDC,"Lopinavir/Ritonavir 200/50mg, tablets, 120 Tabs",Lopinavir/Ritonavir,Generic,200/50mg,Tablet,120,964,19318.56,20.04,0.17,Mylan (formerly Matrix) Nashik,Yes,6705,27664.61,23.9
11346,151-NG-T01,Pre-PQ Process,SO-27817,DN-1367,Nigeria,PMO - US,From RDC,N/A - From RDC,Air Charter,Date Not Captured,N/A - From RDC,4-Aug-09,4-Aug-09,4-Aug-09,ARV,Adult,SCMS from RDC,"Emtricitabine/Tenofovir Disoproxil Fumarate 200/300mg [Truvada], tablets, 30 Tabs",Emtricitabine/Tenofovir Disoproxil Fumarate,Truvada,300/200mg,Tablet - FDC,30,8462,222127.5,26.25,0.88,"Aspen-OSD, Port Elizabeth, SA",Yes,1225,7445.71,435.37
56301,101-CD-T30,FPQ-14584,SCMS-249220,ASN-27933,"Congo, DRC",PMO - US,Direct Drop,EXW,Air,7/16/2014,7/18/2014,10-Nov-14,10-Nov-14,13-Nov-14,ARV,Pediatric,Aurobindo Pharma Limited,"Nevirapine 50mg, dispersible tablets (tablets for oral suspension), 30 Tabs",Nevirapine,Generic,50mg,Chewable/dispersible tablet,30,440,550.0,1.25,0.04,"Aurobindo Unit III, India",No,See ASN-27933 (ID#:22761),See ASN-27933 (ID#:22761),0.57
85420,109-TZ-T30,FPQ-12587,SO-45993,DN-3407,Tanzania,PMO - US,From RDC,N/A - From RDC,Truck,7/4/2013,N/A - From RDC,31-Dec-13,9-Jan-14,31-Jan-14,ARV,Pediatric,SCMS from RDC,"Lamivudine/Nevirapine/Zidovudine 30/50/60mg, dispersible tablets, 60 Tabs",Lamivudine/Nevirapine/Zidovudine,Generic,30/50/60mg,Chewable/dispersible tablet - FDC,60,50000,194500.0,3.89,0.06,Mylan (formerly Matrix) Nashik,Yes,2791,10167.54,240.6
82367,117-ET-T30,FPQ-7001,SO-38450,DN-2104,Ethiopia,PMO - US,From RDC,N/A - From RDC,Air,1/6/2011,N/A - From RDC,14-Feb-11,28-Jan-11,28-Jan-11,ARV,Adult,SCMS from RDC,"Tenofovir Disoproxil Fumarate 300mg, tablets, 30 Tabs",Tenofovir Disoproxil Fumarate,Generic,300mg,Tablet,30,1467,9638.19,6.57,0.22,Mylan (formerly Matrix) Nashik,Yes,9,1401.76,15.9
84412,110-ZM-T30,FPQ-13692,SO-47993,DN-3942,Zambia,PMO - US,From RDC,N/A - From RDC,Truck,2/6/2014,N/A - From RDC,31-Oct-14,10-Oct-14,29-Oct-14,ARV,Adult,SCMS from RDC,"Zidovudine 300mg, tablets, 60 Tabs",Zidovudine,Generic,300mg,Tablet,60,1240,6919.2,5.58,0.09,"Aurobindo Unit III, India",Yes,73,4937.65,7.11
85901,104-CI-T30,FPQ-8790,SO-41204,DN-2868,Côte d'Ivoire,PMO - US,From RDC,N/A - From RDC,Air,11/11/2011,N/A - From RDC,31-Oct-12,5-Oct-12,5-Oct-12,ARV,Adult,SCMS from RDC,"Tenofovir Disoproxil Fumarate 300mg, tablets, 30 Tabs",Tenofovir Disoproxil Fumarate,Generic,300mg,Tablet,30,1781,8584.42,4.82,0.16,Mylan (formerly Matrix) Nashik,Yes,99,1113,12.04
83823,113-ZW-T30,FPQ-13508,SO-47540,DN-3825,Zimbabwe,PMO - US,From RDC,N/A - From RDC,Truck,12/24/2013,N/A - From RDC,30-Sep-14,29-Jun-14,4-Aug-14,ARV,Adult,SCMS from RDC,"Nevirapine 200mg, tablets, 60 Tabs",Nevirapine,Generic,200mg,Tablet,60,68113,148486.34,2.18,0.04,Hetero Unit III Hyderabad IN,No,See DN-3825 (ID#:82702),See DN-3825 (ID#:82702),152.64
85319,114-UG-T30,FPQ-10780,SO-43500,DN-2953,Uganda,PMO - US,From RDC,N/A - From RDC,Air,10/10/2012,N/A - From RDC,2-Feb-13,2-Feb-13,2-Feb-13,ARV,Adult,SCMS from RDC,"Lamivudine 150mg, tablets, 60 Tabs",Lamivudine,Generic,150mg,Tablet,60,2131,4602.96,2.16,0.04,Hetero Unit III Hyderabad IN,Yes,117,2005.48,6.45
12821,106-HT-T01,Pre-PQ Process,SO-12140,DN-860,Haiti,PMO - US,From RDC,N/A - From RDC,Air,Pre-PQ Process,N/A - From RDC,11-Aug-08,11-Aug-08,11-Aug-08,ARV,Pediatric,SCMS from RDC,"Efavirenz 50mg, capsule, 30 Caps",Efavirenz,Generic,50mg,Capsule,30,1500,3360.0,2.24,0.07,"Aurobindo Unit III, India",No,See DN-860 (ID#:12820),See DN-860 (ID#:12820),5.38
86163,110-ZM-T30,FPQ-14575,SO-49282,DN-4117,Zambia,PMO - US,From RDC,N/A - From RDC,Truck,7/11/2014,N/A - From RDC,27-Feb-15,19-Feb-15,20-Feb-15,ARV,Adult,SCMS from RDC,"Nevirapine 200mg, tablets, 60 Tabs",Nevirapine,Generic,200mg,Tablet,60,27104,59086.72,2.18,0.04,"Aurobindo Unit III, India",No,See DN-4117 (ID#:84449),See DN-4117 (ID#:84449),60.74
82966,110-ZM-T30,FPQ-7085,SO-38720,DN-2299,Zambia,PMO - US,From RDC,N/A - From RDC,Truck,2/3/2011,N/A - From RDC,1-Sep-11,15-Aug-11,15-Aug-11,ARV,Adult,SCMS from RDC,"Abacavir 300mg, tablets, 60 Tabs",Abacavir,Generic,300mg,Tablet,60,38000,589000.0,15.5,0.26,Mylan (formerly Matrix) Nashik,Yes,10847,15973.89,971.85
59894,116-ZA-T30,FPQ-14942,SCMS-259081,ASN-30228,South Africa,PMO - US,Direct Drop,DDP,Truck,9/11/2014,1/14/2015,14-Jan-15,14-Jan-15,14-Jan-15,ARV,Pediatric,PHARMACY DIRECT,"Lopinavir/Ritonavir 80/20mg/ml [Kaletra], oral solution, cool, Bottle 5 x 60 ml",Lopinavir/Ritonavir,Kaletra,80/20mg/ml,Oral solution,300,4,63.78,15.94,0.05,ABBVIE (Abbott) Logis. UK,Yes,Weight Captured Separately,Freight Included in Commodity Cost,0.07
84051,117-ET-T30,FPQ-6428,SO-37940,DN-2049,Ethiopia,PMO - US,From RDC,N/A - From RDC,Air,9/24/2010,N/A - From RDC,19-Nov-10,17-Nov-10,17-Nov-10,ARV,Adult,SCMS from RDC,"Zidovudine 300mg, tablets, 60 Tabs",Zidovudine,Generic,300mg,Tablet,60,1660,11968.6,7.21,0.12,"Aurobindo Unit III, India",Yes,90,866.71,25.8
86520,102-ZW-T30,FPQ-9927,SO-42302,DN-2881,Zimbabwe,PMO - US,From RDC,N/A - From RDC,Truck,5/15/2012,N/A - From RDC,31-Oct-12,18-Oct-12,18-Oct-12,ARV,Adult,SCMS from RDC,"Lamivudine/Zidovudine 150/300mg, tablets, 60 Tabs",Lamivudine/Zidovudine,Generic,150/300mg,Tablet - FDC,60,1006,7766.32,7.72,0.13,Mylan (formerly Matrix) Nashik,No,Weight Captured Separately,Freight Included in Commodity Cost,10.89
45695,106-HT-T30,FPQ-9635,SCMS-148400,ASN-15792,Haiti,PMO - US,Direct Drop,EXW,Air,5/14/2012,7/12/2012,18-Aug-12,18-Aug-12,18-Aug-12,ARV,Pediatric,Aurobindo Pharma Limited,"Efavirenz 50mg, capsule, 30 Caps",Efavirenz,Generic,50mg,Capsule,30,1764,3951.36,2.24,0.07,"Aurobindo Unit III, India",Yes,106,1615.07,5.54
45440,107-RW-T30,FPQ-13651,SCMS-227720,ASN-25268,Rwanda,PMO - US,Direct Drop,EXW,Air,2/5/2014,2/28/2014,6-May-14,6-May-14,15-May-14,ARV,Pediatric,Aurobindo Pharma Limited,"Nevirapine 10mg/ml, oral suspension w/syringe, Bottle, 240 ml",Nevirapine,Generic,10mg/ml,Oral suspension,240,6821,10299.71,1.51,0.01,"Aurobindo Unit III, India",Yes,2686,Freight Included in Commodity Cost,10.59
2558,119-NA-T01,Pre-PQ Process,SCMS-44960,ASN-4186,Namibia,PMO - US,Direct Drop,EXW,Air,Pre-PQ Process,4/27/2009,15-Jun-09,15-Jun-09,15-Jun-09,HRDT,HIV test,"Orgenics, Ltd","HIV 1/2, Determine HIV Kit, without Lancets, 100 Tests","HIV 1/2, Determine HIV Kit, without Lancets",Determine,,Test kit,100,800,56000.0,70.0,0.7,Inverness Japan,Yes,195,2008.54,109.76
83053,151-NG-T30,FPQ-9432,SO-41681,DN-2727,Nigeria,PMO - US,From RDC,N/A - From RDC,Air Charter,3/1/2012,N/A - From RDC,2-Aug-12,9-Jul-12,9-Jul-12,ARV,Adult,SCMS from RDC,"Nevirapine 200mg, tablets, 60 Tabs",Nevirapine,Generic,200mg,Tablet,60,99999,243997.56,2.44,0.04,Mylan (formerly Matrix) Nashik,Yes,13437,21347.12,342.08
31861,108-VN-T30,FPQ-7898,SCMS-113640,ASN-12786,Vietnam,PMO - US,Direct Drop,EXW,Air,6/27/2011,7/7/2011,23-Nov-11,23-Nov-11,23-Nov-11,ARV,Adult,MYLAN LABORATORIES LTD (FORMERLY MATRIX LABORATORIES),"Abacavir 300mg, tablets, 60 Tabs",Abacavir,Generic,300mg,Tablet,60,292,4231.08,14.49,0.24,Mylan (formerly Matrix) Nashik,Yes,30,4525.05,6.98
10656,110-ZM-T01,Pre-PQ Process,SO-783,DN-481,Zambia,PMO - US,From RDC,N/A - From RDC,,Pre-PQ Process,N/A - From RDC,15-Jan-08,15-Jan-08,15-Jan-08,HRDT,HIV test,SCMS from RDC,"HIV 1/2, Determine HIV Kit, without Lancets, 100 Tests","HIV 1/2, Determine HIV Kit, without Lancets",Determine,,Test kit,100,2100,151179.0,71.99,0.72,Inverness Japan,Yes,498,2292.6,241.89
64452,106-HT-T30,FPQ-11287,SCMS-176390,ASN-20894,Haiti,PMO - US,Direct Drop,EXW,Air,1/16/2013,2/5/2013,20-Aug-13,20-Aug-13,20-Aug-13,ARV,Adult,HETERO LABS LIMITED,"Lamivudine/Stavudine 150/30mg, tablets, 60 Tabs",Lamivudine/Stavudine,Generic,150/30mg,Tablet - FDC,60,384,956.16,2.49,0.04,Hetero Unit III Hyderabad IN,Yes,30,1180.73,1.18
11799,110-ZM-T01,Pre-PQ Process,SO-976,DN-384,Zambia,PMO - US,From RDC,N/A - From RDC,,Pre-PQ Process,N/A - From RDC,29-Oct-07,29-Oct-07,29-Oct-07,ARV,Adult,SCMS from RDC,"Lamivudine/Zidovudine 150/300mg, tablets, 60 Tabs",Lamivudine/Zidovudine,Generic,150/300mg,Tablet - FDC,60,60060,372372.0,6.2,0.1,"Aurobindo Unit III, India",No,See DN-384 (ID#:10901),See DN-384 (ID#:10901),595.8
22028,107-RW-T30,FPQ-12518,SCMS-198222,ASN-24716,Rwanda,PMO - US,Direct Drop,EXW,Air,6/21/2013,8/12/2013,27-Mar-14,27-Mar-14,27-Mar-14,HRDT,HIV test,"SHANGHAI KEHUA BIOENGINEERING CO.,LTD.  (KHB)","HIV 1/2, SKB Colloidal Gold, Diagnostic Kit, Antibody, 50 Tests","HIV 1/2, Colloidal Gold, Diagnostic Kit, Antibody",Colloidal Gold,,Test kit,1,2988,73206.0,24.5,24.5,"KHB Test Kit Facility, Shanghai China",Yes,1992,26266.34,90.56
85336,106-HT-T30,FPQ-11281,SO-44400,DN-3015,Haiti,PMO - US,From RDC,N/A - From RDC,Air,1/16/2013,N/A - From RDC,9-Apr-13,14-Mar-13,14-Mar-13,ARV,Pediatric,SCMS from RDC,"Stavudine 1mg/ml, powder for oral solution w/syringe, 200 ml",Stavudine,Generic,1mg/ml,Powder for oral solution,200,330,412.5,1.25,0.01,"Aurobindo Unit III, India",No,See DN-3015 (ID#:82554),See DN-3015 (ID#:82554),0.51
12299,110-ZM-T01,Pre-PQ Process,SO-29070,DN-1325,Zambia,PMO - US,From RDC,N/A - From RDC,Truck,Date Not Captured,N/A - From RDC,29-Sep-09,29-Sep-09,29-Sep-09,ARV,Adult,SCMS from RDC,"Lamivudine/Tenofovir Disoproxil Fumarate 300/300mg, tablets, 30 Tabs",Lamivudine/Tenofovir Disoproxil Fumarate,Generic,300/300mg,Tablet - FDC,30,92000,1058000.0,11.5,0.38,Mylan (formerly Matrix) Nashik,Yes,7579,6759.28,2073.68
86263,114-UG-T30,FPQ-4275,SO-35610,DN-1638,Uganda,PMO - US,From RDC,N/A - From RDC,Truck,9/17/2009,N/A - From RDC,25-Feb-10,18-Feb-10,18-Feb-10,ARV,Adult,SCMS from RDC,"Lamivudine/Nevirapine/Zidovudine 150/200/300mg, tablets, 60 Tabs",Lamivudine/Nevirapine/Zidovudine,Generic,150/300/200mg,Tablet - FDC,60,29,325.38,11.22,0.19,"Aurobindo Unit III, India",No,See DN-1638 (ID#:84526),See DN-1638 (ID#:84526),0.64
10861,111-MZ-T01,Pre-PQ Process,SO-298,DN-304,Mozambique,PMO - US,From RDC,N/A - From RDC,Air,Pre-PQ Process,N/A - From RDC,21-Sep-07,21-Sep-07,21-Sep-07,ARV,Adult,SCMS from RDC,"Ritonavir 100mg [Norvir], capsules, cool, 4 x 84 Caps",Ritonavir,Norvir,100mg,Capsule,336,143,5485.48,38.36,0.11,ABBVIE (Abbott) Logis. UK,No,See DN-304 (ID#:10589),See DN-304 (ID#:10589),8.78
21997,106-HT-T30,FPQ-14895,SCMS-258610,ASN-30989,Haiti,PMO - US,Direct Drop,EXW,Ocean,9/24/2014,11/14/2014,25-May-15,25-May-15,26-May-15,ARV,Adult,CIPLA LIMITED,"Efavirenz/Lamivudine/Tenofovir Disoproxil Fumarate 600/300/300mg, tablets, 30 Tabs",Efavirenz/Lamivudine/Tenofovir Disoproxil Fumarate,Generic,600/300/300mg,Tablet - FDC,30,38530,394932.5,10.25,0.34,Cipla Ltd A-42 MIDC Mahar. IN,Yes,5640,9481.92,405.99
86333,104-CI-T30,FPQ-5201,SO-36320,DN-2005,Côte d'Ivoire,PMO - US,From RDC,N/A - From RDC,Air,3/3/2010,N/A - From RDC,10-Sep-10,6-Sep-10,6-Sep-10,ARV,Pediatric,SCMS from RDC,"Didanosine 200mg, chewable/dispersible tablets, 60 Tabs",Didanosine,Generic,200mg,Chewable/dispersible tablet,60,3968,61504.0,15.5,0.26,"Aurobindo Unit III, India",Yes,842,8815.65,132.6
86502,104-CI-T30,FPQ-9063,SO-41341,DN-2787,Côte d'Ivoire,PMO - US,From RDC,N/A - From RDC,Truck,12/21/2011,N/A - From RDC,31-Aug-12,12-Aug-12,12-Aug-12,ARV,Adult,SCMS from RDC,"Efavirenz 600mg, tablets, 30 Tabs",Efavirenz,Generic,600mg,Tablet,30,7684,29276.04,3.81,0.13,"Strides, Bangalore, India.",No,See DN-2787 (ID#:83063),See DN-2787 (ID#:83063),41.05
49837,107-RW-T30,FPQ-8365,SCMS-126450,ASN-13722,Rwanda,PMO - US,Direct Drop,FCA,Air,10/26/2011,11/11/2011,27-Feb-12,27-Feb-12,27-Feb-12,ARV,Adult,ABBVIE LOGISTICS (FORMERLY ABBOTT LOGISTICS BV),"Ritonavir 100mg [Norvir], film coated tablets, 60 Tabs",Ritonavir,Norvir,100mg,Tablet,60,110,753.5,6.85,0.11,ABBVIE Ludwigshafen Germany,Yes,43,1046.02,1.24
85281,110-ZM-T30,FPQ-9472,SO-41720,DN-2763,Zambia,PMO - US,From RDC,N/A - From RDC,Truck,3/8/2012,N/A - From RDC,31-Jul-12,1-Aug-12,1-Aug-12,ARV,Adult,SCMS from RDC,"Abacavir 300mg, tablets, 60 Tabs",Abacavir,Generic,300mg,Tablet,60,27452,355777.92,12.96,0.22,Mylan (formerly Matrix) Nashik,No,See DN-2763 (ID#:82493),See DN-2763 (ID#:82493),498.8
86331,117-ET-T30,FPQ-5967,SO-37101,DN-1999,Ethiopia,PMO - US,From RDC,N/A - From RDC,Air,6/28/2010,N/A - From RDC,21-Sep-10,24-Aug-10,24-Aug-10,ARV,Adult,SCMS from RDC,"Lamivudine/Nevirapine/Stavudine 150/200/30mg, tablets, 60 Tabs",Lamivudine/Nevirapine/Stavudine,Generic,150/200/30mg,Tablet - FDC,60,9200,52716.0,5.73,0.1,"Strides, Bangalore, India.",Yes,668,2633.57,113.66
85755,200-ZW-T30,FPQ-6483,SO-39290,DN-2180,Zimbabwe,PMO - US,From RDC,N/A - From RDC,Truck,10/13/2010,N/A - From RDC,20-Apr-11,20-May-11,20-May-11,ARV,Pediatric,SCMS from RDC,"Lamivudine/Nevirapine/Zidovudine 30/50/60mg, dispersible tablets, 60 Tabs",Lamivudine/Nevirapine/Zidovudine,Generic,30/50/60mg,Chewable/dispersible tablet - FDC,60,55000,233750.0,4.25,0.07,Mylan (formerly Matrix) Nashik,Yes,5357,3403.99,503.96
85098,151-NG-T30,FPQ-4537,SO-34897,DN-1707,Nigeria,PMO - US,From RDC,N/A - From RDC,Air Charter,11/6/2009,N/A - From RDC,19-Apr-10,31-Mar-10,31-Mar-10,ARV,Adult,SCMS from RDC,"Nevirapine 200mg, tablets, 60 Tabs",Nevirapine,Generic,200mg,Tablet,60,6000,16380.0,2.73,0.05,"Aurobindo Unit III, India",Yes,577,Freight Included in Commodity Cost,35.32
22728,108-VN-T30,FPQ-4265,SCMS-56320,ASN-6060,Vietnam,PMO - US,Direct Drop,EXW,Air,10/20/2009,11/3/2009,10-Mar-10,10-Mar-10,10-Mar-10,ARV,Adult,MYLAN LABORATORIES LTD (FORMERLY MATRIX LABORATORIES),"Efavirenz 600mg, tablets, 30 Tabs",Efavirenz,Generic,600mg,Tablet,30,30912,200928.0,6.5,0.22,Mylan (formerly Matrix) Nashik,Yes,2405,11448.01,393.82
11937,106-HT-T01,Pre-PQ Process,SO-15930,DN-944,Haiti,PMO - US,From RDC,N/A - From RDC,Air,Pre-PQ Process,N/A - From RDC,4-Nov-08,4-Nov-08,4-Nov-08,ARV,Pediatric,SCMS from RDC,"Abacavir 20mg/ml, oral solution, Bottle, 240 ml",Abacavir,Generic,20mg/ml,Oral solution,240,350,5652.5,16.15,0.07,"Aurobindo Unit III, India",No,See DN-944 (ID#:11012),See DN-944 (ID#:11012),11.08
2892,114-UG-T01,Pre-PQ Process,SCMS-13510,ASN-1483,Uganda,PMO - US,Direct Drop,CIP,Air,Pre-PQ Process,10/3/2007,31-Mar-08,31-Mar-08,31-Mar-08,ARV,Adult,BRISTOL-MYERS SQUIBB,"Didanosine EC 400mg [Videx EC], delayed-release capsules, Blister 3 x 10 Caps",Didanosine EC,Videx EC,400mg,Delayed-release capsules - blister,30,140,3313.8,23.67,0.79,"BMS Meymac, France",Yes,6,Freight Included in Commodity Cost,5.3
5294,102-NG-T01,Pre-PQ Process,SCMS-228,ASN-141,Nigeria,PMO - US,Direct Drop,EXW,Air,Pre-PQ Process,Date Not Captured,18-Jan-07,18-Jan-07,18-Jan-07,HRDT,HIV test,"Trinity Biotech, Plc","HIV 1/2, Uni-Gold HIV Kit, 20 Tests","HIV 1/2, Uni-Gold HIV Kit",Uni-Gold,,Test kit,20,40,1600.0,40.0,2.0,"Trinity Biotech, Plc",Yes,14,713.58,
43425,102-KE-T30,FPQ-4587,SCMS-58380,ASN-5899,Kenya,PMO - US,Direct Drop,EXW,Air,11/18/2009,12/2/2009,16-Feb-10,19-Feb-10,19-Feb-10,HRDT,HIV test,"Orgenics, Ltd","HIV 1/2, Determine Complete HIV Kit, 100 Tests","HIV 1/2, Determine Complete HIV Kit",Determine,,Test kit,100,7110,568800.0,80.0,0.8,Inverness Japan,Yes,1224,11847.25,1226.33
85662,151-NG-T30,FPQ-4537,SO-34895,DN-1705,Nigeria,PMO - US,From RDC,N/A - From RDC,Air Charter,11/6/2009,N/A - From RDC,19-Apr-10,31-Mar-10,31-Mar-10,ARV,Adult,SCMS from RDC,"Nevirapine 200mg, tablets, 60 Tabs",Nevirapine,Generic,200mg,Tablet,60,820,2238.6,2.73,0.05,"Aurobindo Unit III, India",Yes,79,Freight Included in Commodity Cost,4.83
85117,105-GY-T30,FPQ-5599,SO-36700,DN-1838,Guyana,PMO - US,From RDC,N/A - From RDC,Air,4/28/2010,N/A - From RDC,7-Jun-10,27-May-10,27-May-10,ARV,Adult,SCMS from RDC,"Nevirapine 200mg, tablets, 60 Tabs",Nevirapine,Generic,200mg,Tablet,60,1815,4827.9,2.66,0.04,"Aurobindo Unit III, India",No,See DN-1838 (ID#:82887),See DN-1838 (ID#:82887),10.41
2171,133-NG-T01,Pre-PQ Process,SCMS-33820,ASN-3665,Nigeria,PMO - US,Direct Drop,EXW,Air,Pre-PQ Process,11/20/2008,8-Apr-09,8-Apr-09,8-Apr-09,HRDT,HIV test,"Orgenics, Ltd","HIV 1/2, Determine Complete HIV Kit, 100 Tests","HIV 1/2, Determine Complete HIV Kit",Determine,,Test kit,100,5751,460080.0,80.0,0.8,Inverness Japan,Yes,1723,22451.67,901.76
85004,151-NG-T30,FPQ-14156,SO-48907,DN-4054,Nigeria,PMO - US,From RDC,N/A - From RDC,Air Charter,4/25/2014,N/A - From RDC,30-Jan-15,29-Dec-14,6-Jan-15,ARV,Adult,SCMS from RDC,"Lamivudine/Zidovudine 150/300mg, tablets, 60 Tabs",Lamivudine/Zidovudine,Generic,150/300mg,Tablet - FDC,60,33147,218770.2,6.6,0.11,Hetero Unit III Hyderabad IN,Yes,32,5798.14,224.9
48741,104-CI-T30,FPQ-13297,SCMS-218500,ASN-24994,Côte d'Ivoire,PMO - US,Direct Drop,EXW,Air,11/28/2013,12/13/2013,7-Apr-14,7-Apr-14,8-Apr-14,ARV,Pediatric,CIPLA LIMITED,"Nevirapine 50mg, dispersible tablets, 60 Tabs",Nevirapine,Generic,50mg,Chewable/dispersible tablet,60,3900,7215.0,1.85,0.03,"Cipla, Patalganga, India",Yes,321,3740.01,7.42
82893,104-CI-T30,FPQ-4378,SO-34430,DN-1861,Côte d'Ivoire,PMO - US,From RDC,N/A - From RDC,Air,10/15/2009,N/A - From RDC,28-Jun-10,16-Jun-10,16-Jun-10,ARV,Adult,SCMS from RDC,"Lamivudine/Nevirapine/Zidovudine 150/200/300mg, tablets, 60 Tabs",Lamivudine/Nevirapine/Zidovudine,Generic,150/300/200mg,Tablet - FDC,60,80010,897712.2,11.22,0.19,"Aurobindo Unit III, India",Yes,9402,33266.37,1759.52
56837,106-HT-T30,FPQ-15038,SCMS-277520,ASN-30803,Haiti,PMO - US,Direct Drop,EXW,Air,10/22/2014,2/19/2015,12-Mar-15,12-Mar-15,13-Mar-15,ARV,Adult,MYLAN LABORATORIES LTD (FORMERLY MATRIX LABORATORIES),"Atazanavir/Ritonavir 300/100mg, tablets, 30 Tabs",Atazanavir/Ritonavir,Generic,300/100mg,Tablet,30,2000,39000.0,19.5,0.65,Mylan (formerly Matrix) Nashik,Yes,280,3029.18,40.09
5268,105-GY-T01,Pre-PQ Process,SCMS-122,ASN-116,Guyana,PMO - US,Direct Drop,EXW,Air,Pre-PQ Process,Date Not Captured,25-Dec-06,25-Dec-06,25-Dec-06,ARV,Adult,Aurobindo Pharma Limited,"Stavudine 15mg, capsules, 60 Caps",Stavudine,Generic,15mg,Capsule,60,602,1414.7,2.35,0.04,"Aurobindo Unit III, India",Yes,37,569.52,
12914,151-NG-T01,Pre-PQ Process,SO-33332,DN-1435,Nigeria,PMO - US,From RDC,N/A - From RDC,Air Charter,Date Not Captured,N/A - From RDC,20-Oct-09,20-Oct-09,20-Oct-09,ARV,Adult,SCMS from RDC,"Lamivudine/Nevirapine/Zidovudine 150/200/300mg, tablets, 60 Tabs",Lamivudine/Nevirapine/Zidovudine,Generic,150/300/200mg,Tablet - FDC,60,17000,193800.0,11.4,0.19,"Aurobindo Unit III, India",Yes,1914,9341.49,379.85
3040,110-ZM-T01,Pre-PQ Process,SCMS-18070,ASN-1576,Zambia,PMO - US,Direct Drop,EXW,Air,Pre-PQ Process,2/25/2008,22-Apr-08,5-May-08,5-May-08,HRDT,HIV test,"Orgenics, Ltd","HIV 1/2, Determine HIV Kit, without Lancets, 100 Tests","HIV 1/2, Determine HIV Kit, without Lancets",Determine,,Test kit,100,2000,143980.0,71.99,0.72,Inverness Japan,Yes,455,4113.16,230.37
423,116-ZA-T01,Pre-PQ Process,SCMS-19800,ASN-1665,South Africa,PMO - US,Direct Drop,DDP,Truck,Pre-PQ Process,2/20/2008,24-Apr-08,24-Apr-08,24-Apr-08,ARV,Pediatric,S. BUYS WHOLESALER,"Stavudine 1mg/ml [Zerit], powder for oral solution, Bottle, 200 ml",Stavudine,Zerit,1mg/ml,Powder for oral solution,200,600,870.0,1.45,0.01,"BMS Meymac, France",No,Weight Captured Separately,Freight Included in Commodity Cost,1.39
65408,110-ZM-T30,FPQ-12252,SCMS-189250,ASN-20055,Zambia,PMO - US,Direct Drop,EXW,Air,5/2/2013,5/22/2013,24-Jul-13,24-Jul-13,24-Jul-13,HRDT,HIV test,"Trinity Biotech, Plc","HIV 1/2, Uni-Gold HIV Kit, 20 Tests","HIV 1/2, Uni-Gold HIV Kit",Uni-Gold,,Test kit,20,6900,220800.0,32.0,1.6,"Trinity Biotech, Plc",Yes,2262,27038.58,273.13
21536,110-PK-T30,FPQ-9896,SCMS-149790,ASN-23519,Pakistan,PMO - US,Direct Drop,EXW,Air,5/18/2012,7/9/2012,17-Mar-14,17-Mar-14,17-Mar-14,HRDT,HIV test,INVERNESS MEDICAL INNOVATIONS HONG KONG LTD,"HIV 1/2, Determine Complete HIV Kit, 100 Tests","HIV 1/2, Determine Complete HIV Kit",Determine,,Test kit,100,4484,358720.0,80.0,0.8,"Alere Medical Co., Ltd.",Yes,1744,19489.83,502.93
9866,133-NG-T01,Pre-PQ Process,SCMS-27060,ASN-2438,Nigeria,PMO - US,Direct Drop,EXW,Air,Pre-PQ Process,7/18/2008,15-Oct-08,15-Oct-08,15-Oct-08,HRDT,HIV test,"Orgenics, Ltd","HIV 1/2, Determine HIV Kit, without Lancets, 100 Tests","HIV 1/2, Determine HIV Kit, without Lancets",Determine,,Test kit,100,6502,520094.98,79.99,0.8,Inverness Japan,No,See ASN-2438 (ID#:1941),See ASN-2438 (ID#:1941),832.15
83177,102-BI-T30,FPQ-12602,SO-46022,DN-3384,Burundi,PMO - US,From RDC,N/A - From RDC,Air,7/9/2013,N/A - From RDC,22-Nov-13,5-Dec-13,12-Dec-13,ARV,Adult,SCMS from RDC,"Lopinavir/Ritonavir 200/50mg, tablets, 120 Tabs",Lopinavir/Ritonavir,Generic,200/50mg,Tablet,120,392,8232.0,21.0,0.18,Mylan (formerly Matrix) Nashik,Yes,105,1456.4,10.18
86458,111-MZ-T30,FPQ-8157,SO-40381,DN-2590,Mozambique,PMO - US,From RDC,N/A - From RDC,Truck,8/4/2011,N/A - From RDC,7-May-12,24-May-12,24-May-12,ARV,Adult,SCMS from RDC,"Lamivudine/Nevirapine/Stavudine 150/200/30mg, tablets, 60 Tabs",Lamivudine/Nevirapine/Stavudine,Generic,150/200/30mg,Tablet - FDC,60,25394,136619.72,5.38,0.09,"Strides, Bangalore, India.",No,See DN-2590 (ID#:83019),See DN-2590 (ID#:83019),225.42
54150,161-ZA-T30,FPQ-5303,SCMS-68860,ASN-6886,South Africa,PMO - US,Direct Drop,DDP,Air,3/18/2010,3/19/2010,1-Jun-10,4-Jun-10,4-Jun-10,ARV,Adult,Aurobindo Pharma Limited,"Efavirenz 600mg, tablets, 30 Tabs",Efavirenz,Generic,600mg,Tablet,30,54000,252180.0,4.67,0.16,"Aurobindo Unit III, India",Yes,4568,6105.79,543.7
11280,100-PK-T01,Pre-PQ Process,SO-14930,DN-1004,Pakistan,PMO - US,From RDC,N/A - From RDC,Air,Pre-PQ Process,N/A - From RDC,17-Nov-08,17-Nov-08,17-Nov-08,HRDT,HIV test,SCMS from RDC,"HIV 1/2, Uni-Gold HIV Kit, 20 Tests","HIV 1/2, Uni-Gold HIV Kit",Uni-Gold,,Test kit,20,25,800.0,32.0,1.6,"Trinity Biotech, Plc",Yes,19,851.24,1.57
86660,111-MZ-T30,FPQ-13123,SO-47083,DN-3580,Mozambique,PMO - US,From RDC,N/A - From RDC,Truck,10/21/2013,N/A - From RDC,15-Apr-14,14-Apr-14,17-Apr-14,ARV,Adult,SCMS from RDC,"Efavirenz 600mg, tablets, 30 Tabs",Efavirenz,Generic,600mg,Tablet,30,43000,143190.0,3.33,0.11,"Cipla, Goa, India",No,See DN-3580 (ID#:83772),See DN-3580 (ID#:83772),147.2
12181,112-NG-T01,Pre-PQ Process,SO-10030,DN-840,Nigeria,PMO - US,From RDC,N/A - From RDC,Air,Pre-PQ Process,N/A - From RDC,3-Aug-08,3-Aug-08,3-Aug-08,ARV,Adult,SCMS from RDC,"Abacavir 300mg, tablets, 60 Tabs",Abacavir,Generic,300mg,Tablet,60,4,105.2,26.3,0.44,Mylan (formerly Matrix) Nashik,No,See DN-840 (ID#:12179),See DN-840 (ID#:12179),0.17
4347,116-ZA-T01,Pre-PQ Process,SCMS-19800,ASN-1665,South Africa,PMO - US,Direct Drop,DDP,Truck,Pre-PQ Process,2/20/2008,24-Apr-08,24-Apr-08,24-Apr-08,ARV,Pediatric,S. BUYS WHOLESALER,"Lamivudine 10mg/ml [Epivir], oral solution, Bottle, 240 ml",Lamivudine,Epivir,10mg/ml,Oral solution,240,1000,6410.0,6.41,0.03,GSK Mississauga (Canada),No,Weight Captured Separately,Freight Included in Commodity Cost,10.26
86387,151-NG-T30,FPQ-6800,SO-39690,DN-2228,Nigeria,PMO - US,From RDC,N/A - From RDC,Air Charter,12/7/2010,N/A - From RDC,21-Jun-11,5-Jul-11,5-Jul-11,ARV,Adult,SCMS from RDC,"Nevirapine 200mg, tablets, 60 Tabs",Nevirapine,Generic,200mg,Tablet,60,17376,43613.76,2.51,0.04,"Strides, Bangalore, India.",Yes,1237,13398.06,71.96
64594,106-HT-T30,FPQ-14895,SCMS-261140,ASN-31141,Haiti,PMO - US,Direct Drop,FCA,Air,9/24/2014,11/14/2014,24-Apr-15,24-Apr-15,24-Apr-15,ARV,Pediatric,ABBVIE LOGISTICS (FORMERLY ABBOTT LOGISTICS BV),"Lopinavir/Ritonavir 80/20mg/ml [Kaletra], oral solution, cool, Bottle 5 x 60 ml",Lopinavir/Ritonavir,Kaletra,80/20mg/ml,Oral solution,300,610,18800.2,30.82,0.1,ABBVIE (Abbott) Logis. UK,Yes,708,3428.37,19.33
85422,105-GY-T30,FPQ-12619,SO-46070,DN-3408,Guyana,PMO - US,From RDC,N/A - From RDC,Air,7/16/2013,N/A - From RDC,31-Dec-13,30-Nov-13,23-Dec-13,ARV,Pediatric,SCMS from RDC,"Lamivudine 10mg/ml, oral solution w/syringe, Bottle, 240 ml",Lamivudine,Generic,10mg/ml,Oral solution,240,81,117.45,1.45,0.01,"Aurobindo Unit III, India",Yes,32,728.3,0.15
9081,116-ZA-T01,Pre-PQ Process,SCMS-47500,ASN-4332,South Africa,PMO - US,Direct Drop,DDP,Truck,Pre-PQ Process,4/2/2009,15-May-09,23-Apr-09,23-Apr-09,ARV,Pediatric,S. BUYS WHOLESALER,"Zidovudine 10mg/ml, oral solution, Bottle, 240 ml",Zidovudine,Generic,10mg/ml,Oral solution,240,200,1208.0,6.04,0.03,"Aurobindo Unit III, India",No,See ASN-4332 (ID#:1115),See ASN-4332 (ID#:1115),2.37
84070,104-CI-T30,FPQ-6891,SO-38540,DN-2153,Côte d'Ivoire,PMO - US,From RDC,N/A - From RDC,Air,12/21/2010,N/A - From RDC,20-Apr-11,10-Jun-11,10-Jun-11,ARV,Adult,SCMS from RDC,"Lamivudine/Zidovudine 150/300mg, tablets, 60 Tabs",Lamivudine/Zidovudine,Generic,150/300mg,Tablet - FDC,60,20376,174214.8,8.55,0.14,Hetero Unit III Hyderabad IN,No,See DN-2153 (ID#:82374),See DN-2153 (ID#:82374),287.45
84029,151-NG-T30,FPQ-5688,SO-36911,DN-1968,Nigeria,PMO - US,From RDC,N/A - From RDC,Air Charter,5/27/2010,N/A - From RDC,31-Aug-10,17-Aug-10,17-Aug-10,ARV,Adult,SCMS from RDC,"Emtricitabine/Tenofovir Disoproxil Fumarate 200/300mg, tablets, 30 Tabs",Emtricitabine/Tenofovir Disoproxil Fumarate,Generic,200/300mg,Tablet - FDC,30,30000,352500.0,11.75,0.39,Mylan (formerly Matrix) Nashik,Yes,2700,6147.18,759.99
12177,110-ZM-T01,Pre-PQ Process,SO-979,DN-642,Zambia,PMO - US,From RDC,N/A - From RDC,,Pre-PQ Process,N/A - From RDC,17-Mar-08,17-Mar-08,17-Mar-08,ARV,Pediatric,SCMS from RDC,"Lamivudine 10mg/ml, oral solution, Bottle, 240 ml",Lamivudine,Generic,10mg/ml,Oral solution,240,30563,60209.11,1.97,0.01,"Aurobindo Unit III, India",Yes,10621,37199.06,96.33
12126,106-HT-T01,Pre-PQ Process,SO-1286,DN-458,Haiti,PMO - US,From RDC,N/A - From RDC,Air,Pre-PQ Process,N/A - From RDC,5-Dec-07,5-Dec-07,5-Dec-07,ARV,Adult,SCMS from RDC,"Stavudine 30mg, capsules, 60 Caps",Stavudine,Generic,30mg,Capsule,60,3000,4560.0,1.52,0.03,"Aurobindo Unit III, India",No,See DN-458 (ID#:11814),See DN-458 (ID#:11814),7.3
85929,151-NG-T30,FPQ-10477,SO-43044,DN-2996,Nigeria,PMO - US,From RDC,N/A - From RDC,Air Charter,8/9/2012,N/A - From RDC,11-Feb-13,11-Feb-13,11-Feb-13,ARV,Adult,SCMS from RDC,"Nevirapine 200mg, tablets, 60 Tabs",Nevirapine,Generic,200mg,Tablet,60,107500,248325.0,2.31,0.04,"Strides, Bangalore, India.",No,See DN-2996 (ID#:84784),See DN-2996 (ID#:84784),348.15
21843,161-ZA-T30,FPQ-7175,SCMS-103430,ASN-11393,South Africa,PMO - US,Direct Drop,DDP,Ocean,3/10/2011,3/24/2011,14-Sep-11,14-Sep-11,14-Sep-11,ARV,Adult,Aurobindo Pharma Limited,"Lamivudine/Zidovudine 150/300mg, tablets, 60 Tabs",Lamivudine/Zidovudine,Generic,150/300mg,Tablet - FDC,60,50000,421000.0,8.42,0.14,"Aurobindo Unit III, India",Yes,4603,8033.13,694.65
85930,151-NG-T30,FPQ-10477,SO-43045,DN-2997,Nigeria,PMO - US,From RDC,N/A - From RDC,Air Charter,8/9/2012,N/A - From RDC,11-Feb-13,11-Feb-13,11-Feb-13,ARV,Adult,SCMS from RDC,"Lamivudine/Zidovudine 150/300mg, tablets, 60 Tabs",Lamivudine/Zidovudine,Generic,150/300mg,Tablet - FDC,60,162827,1183752.29,7.27,0.12,"Aurobindo Unit III, India",No,See DN-2997 (ID#:85328),See DN-2997 (ID#:85328),1659.62
6622,114-UG-T01,Pre-PQ Process,SCMS-160,ASN-124,Uganda,PMO - US,Direct Drop,EXW,Air,Pre-PQ Process,Date Not Captured,2-Jan-07,2-Jan-07,2-Jan-07,ARV,Adult,STRIDES ARCOLAB LIMITED,"Nevirapine 200mg, tablets, 60 Tabs",Nevirapine,Generic,200mg,Tablet,60,6349,21586.6,3.4,0.06,"Strides, Bangalore, India.",Yes,355,3181.2,
86554,113-ZW-T30,FPQ-10632,SO-43212,DN-3048,Zimbabwe,PMO - US,From RDC,N/A - From RDC,Truck,9/11/2012,N/A - From RDC,15-Apr-13,23-Mar-13,23-Mar-13,ARV,Adult,SCMS from RDC,"Nevirapine 200mg, tablets, 60 Tabs",Nevirapine,Generic,200mg,Tablet,60,29131,65836.06,2.26,0.04,Hetero Unit III Hyderabad IN,No,See DN-3048 (ID#:84235),See DN-3048 (ID#:84235),92.3
11762,100-ZW-T01,Pre-PQ Process,SO-718,DN-303,Zimbabwe,PMO - US,From RDC,N/A - From RDC,Truck,Pre-PQ Process,N/A - From RDC,28-Aug-07,28-Aug-07,28-Aug-07,ARV,Adult,SCMS from RDC,"Lamivudine/Nevirapine/Stavudine 150/200/30mg, tablets, 60 Tabs",Lamivudine/Nevirapine/Stavudine,Generic,150/200/30mg,Tablet - FDC,60,125000,925000.0,7.4,0.12,"Cipla, Goa, India",Yes,12779,41772.09,1480.0
15460,106-HT-T30,FPQ-15038,SCMS-262980,ASN-30463,Haiti,PMO - US,Direct Drop,EXW,Ocean,10/22/2014,1/7/2015,9-Apr-15,9-Apr-15,13-Apr-15,ARV,Adult,HETERO LABS LIMITED,"Lamivudine/Tenofovir Disoproxil Fumarate 300/300mg, tablets, 30 Tabs",Lamivudine/Tenofovir Disoproxil Fumarate,Generic,300/300mg,Tablet - FDC,30,36831,170159.22,4.62,0.15,Hetero Unit III Hyderabad IN,Yes,17826,20526.23,174.92
64,107-RW-T01,Pre-PQ Process,SCMS-268,ASN-242,Rwanda,PMO - US,Direct Drop,EXW,Air,Pre-PQ Process,12/22/2006,27-Feb-07,27-Feb-07,27-Feb-07,ARV,Adult,CIPLA LIMITED,"Lamivudine/Zidovudine 150/300mg, tablets, 60 Tabs",Lamivudine/Zidovudine,Generic,150/300mg,Tablet - FDC,60,10000,99800.0,9.98,0.17,"Cipla, Goa, India",Yes,7416,64179.42,
46227,116-ZA-T30,FPQ-12522,SCMS-199289,ASN-28034,South Africa,PMO - US,Direct Drop,DDP,Truck,7/11/2013,8/29/2014,29-Aug-14,29-Aug-14,29-Aug-14,ARV,Pediatric,S. BUYS WHOLESALER,"Abacavir 20mg/ml, oral solution w/syringe, Bottle, 240 ml",Abacavir,Generic,20mg/ml,Oral solution,240,124,3352.74,27.04,0.11,"Aurobindo Unit III, India",No,Weight Captured Separately,Freight Included in Commodity Cost,4.15
61,110-ZM-T01,Pre-PQ Process,SCMS-226,ASN-137,Zambia,PMO - US,Direct Drop,EXW,Air,Pre-PQ Process,Date Not Captured,8-Jan-07,8-Jan-07,8-Jan-07,HRDT,HIV test,"Trinity Biotech, Plc","HIV 1/2, Uni-Gold HIV Kit, 20 Tests","HIV 1/2, Uni-Gold HIV Kit",Uni-Gold,,Test kit,20,2500,100000.0,40.0,2.0,"Trinity Biotech, Plc",Yes,853,13569.49,
10744,112-NG-T01,Pre-PQ Process,SO-12790,DN-916,Nigeria,PMO - US,From RDC,N/A - From RDC,Air,Pre-PQ Process,N/A - From RDC,19-Sep-08,19-Sep-08,19-Sep-08,ARV,Adult,SCMS from RDC,"Emtricitabine/Tenofovir Disoproxil Fumarate 200/300mg [Truvada], tablets, 30 Tabs",Emtricitabine/Tenofovir Disoproxil Fumarate,Truvada,300/200mg,Tablet - FDC,30,4,105.0,26.25,0.88,"Aspen-OSD, Port Elizabeth, SA",Yes,1,462.5,0.17
5713,104-CI-T01,Pre-PQ Process,SCMS-21270,ASN-1669,Côte d'Ivoire,PMO - US,Direct Drop,EXW,Air,Pre-PQ Process,4/7/2008,9-May-08,9-May-08,9-May-08,HRDT,HIV test,"Orgenics, Ltd","HIV 1/2, Determine HIV Kit, without Lancets, 100 Tests","HIV 1/2, Determine HIV Kit, without Lancets",Determine,,Test kit,100,250,17997.5,71.99,0.72,Inverness Japan,Yes,57,1796.68,28.8
37040,116-ZA-T30,FPQ-3596,SCMS-50360,ASN-5454,South Africa,PMO - US,Direct Drop,DDP,Truck,5/7/2009,9/22/2009,27-Oct-09,27-Oct-09,27-Oct-09,ARV,Adult,S. BUYS WHOLESALER,"Nevirapine 200mg [Viramune], tablets, 60 Tabs",Nevirapine,Viramune,200mg,Tablet,60,5000,101541.09,20.31,0.34,"Boehringer Ing., Koropi, GR",Yes,Weight Captured Separately,Freight Included in Commodity Cost,199.02
86677,110-ZM-T30,FPQ-13221,SO-47201,DN-3648,Zambia,PMO - US,From RDC,N/A - From RDC,Truck,10/31/2013,N/A - From RDC,6-May-14,19-May-14,12-Jun-14,ARV,Adult,SCMS from RDC,"Lamivudine/Tenofovir Disoproxil Fumarate 300/300mg, tablets, 30 Tabs",Lamivudine/Tenofovir Disoproxil Fumarate,Generic,300/300mg,Tablet - FDC,30,12590,58417.6,4.64,0.15,Ranbaxy per Shasun Pharma,No,See DN-3648 (ID#:84360),See DN-3648 (ID#:84360),60.05
70978,114-UG-T30,FPQ-12289,SCMS-192020,ASN-20948,Uganda,PMO - US,Direct Drop,EXW,Air,5/14/2013,6/7/2013,19-Aug-13,19-Aug-13,19-Aug-13,ARV,Pediatric,MICRO LABS LIMITED,"Efavirenz 50mg, capsule, 30 Caps",Efavirenz,Generic,50mg,Capsule,30,252,509.04,2.02,0.07,"Micro labs, Verna, Goa, India",Yes,9,1678.53,0.63
86007,103-DO-T30,FPQ-11920,SO-46150,DN-3355,Dominican Republic,PMO - US,From RDC,N/A - From RDC,Air,3/18/2013,N/A - From RDC,29-Oct-13,10-Oct-13,29-Oct-13,ARV,Adult,SCMS from RDC,"Lamivudine 150mg, tablets, 60 Tabs",Lamivudine,Generic,150mg,Tablet,60,6617,13167.83,1.99,0.03,Hetero Unit III Hyderabad IN,No,See DN-3355 (ID#:83726),See DN-3355 (ID#:83726),16.29
85289,151-NG-T30,FPQ-9432,SO-42806,DN-2773,Nigeria,PMO - US,From RDC,N/A - From RDC,Air Charter,3/1/2012,N/A - From RDC,2-Aug-12,24-Jul-12,24-Jul-12,ARV,Adult,SCMS from RDC,"Nevirapine 200mg, tablets, 60 Tabs",Nevirapine,Generic,200mg,Tablet,60,12156,30511.56,2.51,0.04,Hetero Unit III Hyderabad IN,No,See DN-2773 (ID#:83608),See DN-2773 (ID#:83608),42.78
19630,108-VN-T30,FPQ-10811,SCMS-166140,ASN-17572,Vietnam,PMO - US,Direct Drop,EXW,Air,10/15/2012,11/9/2012,9-Jan-13,9-Jan-13,9-Jan-13,ARV,Pediatric,Aurobindo Pharma Limited,"Lamivudine 10mg/ml, oral solution w/syringe, Bottle, 240 ml",Lamivudine,Generic,10mg/ml,Oral solution,240,136,251.6,1.85,0.01,"Aurobindo Unit III, India",Yes,173,1079.39,0.31
83815,104-CI-T30,FPQ-13142,SO-47156,DN-3900,Côte d'Ivoire,PMO - US,From RDC,N/A - From RDC,Truck,10/22/2013,N/A - From RDC,30-Sep-14,8-Sep-14,19-Sep-14,ARV,Pediatric,SCMS from RDC,"Zidovudine 10mg/ml, oral solution w/syringe, Bottle, 240 ml",Zidovudine,Generic,10mg/ml,Oral solution,240,156,327.6,2.1,0.01,"Aurobindo Unit III, India",Yes,100,396.32,0.34
86819,104-CI-T30,FPQ-15259,SO-50102,DN-4313,Côte d'Ivoire,PMO - US,From RDC,N/A - From RDC,Truck,10/24/2014,N/A - From RDC,31-Jul-15,6-Aug-15,7-Aug-15,ARV,Adult,SCMS from RDC,"Lamivudine/Zidovudine 150/300mg, tablets, 60 Tabs",Lamivudine/Zidovudine,Generic,150/300mg,Tablet - FDC,60,21072,137389.44,6.52,0.11,Hetero Unit III Hyderabad IN,No,See DN-4313 (ID#:83921),See DN-4313 (ID#:83921),161.71
36641,113-ZW-T30,FPQ-15380,SCMS-266490,ASN-31132,Zimbabwe,PMO - US,Direct Drop,EXW,Air,11/17/2014,1/26/2015,14-May-15,14-May-15,14-May-15,HRDT,HIV test,"Orgenics, Ltd","HIV 1/2, Determine Complete HIV Kit, 100 Tests","HIV 1/2, Determine Complete HIV Kit",Determine,,Test kit,100,1500,120000.0,80.0,0.8,"Alere Medical Co., Ltd.",Yes,781,9914.59,141.24
11850,117-ET-T01,Pre-PQ Process,SO-1528,DN-542,Ethiopia,PMO - US,From RDC,N/A - From RDC,Air,Pre-PQ Process,N/A - From RDC,29-Jan-08,29-Jan-08,29-Jan-08,ARV,Adult,SCMS from RDC,"Nevirapine 200mg, tablets, 60 Tabs",Nevirapine,Generic,200mg,Tablet,60,55560,188904.0,3.4,0.06,"Aurobindo Unit III, India",Yes,5181,17975.21,302.25
85452,104-CI-T30,FPQ-12144,SO-45630,DN-3598,Côte d'Ivoire,PMO - US,From RDC,N/A - From RDC,Truck,4/22/2013,N/A - From RDC,10-Apr-14,10-Apr-14,6-May-14,ARV,Adult,SCMS from RDC,"Lamivudine/Tenofovir Disoproxil Fumarate 300/300mg, tablets, 30 Tabs",Lamivudine/Tenofovir Disoproxil Fumarate,Generic,300/300mg,Tablet - FDC,30,6377,29971.9,4.7,0.16,Hetero Unit III Hyderabad IN,Yes,833,4730.18,37.08
83687,151-NG-T30,FPQ-11022,SO-43852,DN-3173,Nigeria,PMO - US,From RDC,N/A - From RDC,Air Charter,11/15/2012,N/A - From RDC,4-Jun-13,10-May-13,10-May-13,ARV,Adult,SCMS from RDC,"Efavirenz 600mg, tablets, 30 Tabs",Efavirenz,Generic,600mg,Tablet,30,36390,121178.7,3.33,0.11,"Aurobindo Unit III, India",Yes,17455,20666.07,149.9
83960,114-UG-T30,FPQ-4453,SO-34150,DN-1507,Uganda,PMO - US,From RDC,N/A - From RDC,Air,9/2/2009,N/A - From RDC,21-Nov-09,12-Nov-09,12-Nov-09,ARV,Adult,SCMS from RDC,"Efavirenz 600mg, tablets, 30 Tabs",Efavirenz,Generic,600mg,Tablet,30,200,1156.0,5.78,0.19,"Aurobindo Unit III, India",Yes,22,709.02,2.27
26786,116-ZA-T30,FPQ-11828,SCMS-183950,ASN-19166,South Africa,South Africa Field Office,Direct Drop,DDP,Truck,3/18/2013,Date Not Captured,15-Apr-13,16-Apr-13,16-Apr-13,ARV,Pediatric,S. BUYS WHOLESALER,"Lamivudine 10mg/ml, oral solution, Bottle, 240 ml",Lamivudine,Generic,10mg/ml,Oral solution,240,43,317.79,7.39,0.03,"Cipla, Goa, India",No,Weight Captured Separately,Freight Included in Commodity Cost,0.39
80086,901-CM-T30,FPQ-12837,SCMS-204360,ASN-21529,Cameroon,PMO - US,Direct Drop,EXW,Air,8/19/2013,8/23/2013,26-Sep-13,26-Sep-13,26-Sep-13,ARV,Adult,CIPLA LIMITED,"Lamivudine/Zidovudine 150/300mg, tablets, 60 Tabs",Lamivudine/Zidovudine,Generic,150/300mg,Tablet - FDC,60,7854,51757.86,6.59,0.11,"Cipla, Goa, India",Yes,803,7032.5,64.02
12734,104-CI-T01,Pre-PQ Process,SO-1245,DN-423,Côte d'Ivoire,PMO - US,From RDC,N/A - From RDC,Air,Pre-PQ Process,N/A - From RDC,13-Nov-07,13-Nov-07,13-Nov-07,ARV,Adult,SCMS from RDC,"Zidovudine 300mg, tablets, 60 Tabs",Zidovudine,Generic,300mg,Tablet,60,6,48.9,8.15,0.14,"Aurobindo Unit III, India",No,See DN-423 (ID#:11194),See DN-423 (ID#:11194),0.08
83675,114-UG-T30,FPQ-11143,SO-43962,DN-3123,Uganda,PMO - US,From RDC,N/A - From RDC,Air,12/13/2012,N/A - From RDC,30-Apr-13,9-May-13,9-May-13,ARV,Adult,SCMS from RDC,"Efavirenz/Lamivudine/Tenofovir Disoproxil Fumarate 600/300/300mg, tablets, 30 Tabs",Efavirenz/Lamivudine/Tenofovir Disoproxil Fumarate,Generic,600/300/300mg,Tablet - FDC,30,52127,548376.04,10.52,0.35,Hetero Unit III Hyderabad IN,Yes,6874,16177.09,678.34
51641,116-ZA-T30,FPQ-13035,SCMS-215370,ASN-24415,South Africa,PMO - US,Direct Drop,DDP,Truck,10/8/2013,12/2/2013,6-Feb-14,6-Feb-14,6-Feb-14,ARV,Pediatric,S. BUYS WHOLESALER,"Abacavir 20mg/ml [Ziagen], oral solution, Bottle, 240 ml",Abacavir,Ziagen,20mg/ml,Oral solution,240,6,144.28,24.05,0.1,GSK Mississauga (Canada),No,Weight Captured Separately,Freight Included in Commodity Cost,0.18
57266,103-KE-T30,FPQ-9856,SCMS-149180,ASN-16494,Kenya,PMO - US,Direct Drop,EXW,Air,5/24/2012,6/13/2012,15-Oct-12,15-Oct-12,15-Oct-12,HRDT,HIV test,"Trinity Biotech, Plc","HIV 1/2, Uni-Gold HIV Kit, 20 Tests","HIV 1/2, Uni-Gold HIV Kit",Uni-Gold,,Test kit,20,15000,480000.0,32.0,1.6,"Trinity Biotech, Plc",Yes,4956,36219.03,672.96
40950,105-GY-T30,FPQ-14048,SCMS-235780,ASN-28234,Guyana,PMO - US,Direct Drop,FCA,Air,4/9/2014,8/26/2014,5-Nov-14,5-Nov-14,11-Nov-14,ARV,Pediatric,ABBVIE LOGISTICS (FORMERLY ABBOTT LOGISTICS BV),"Lopinavir/Ritonavir 80/20mg/ml [Kaletra], oral solution, cool, Bottle 5 x 60 ml",Lopinavir/Ritonavir,Kaletra,80/20mg/ml,Oral solution,300,12,729.84,60.82,0.2,ABBVIE (Abbott) Logis. UK,Yes,39,790.71,0.75
8737,119-NA-T01,Pre-PQ Process,SCMS-31790,ASN-2947,Namibia,PMO - US,Direct Drop,EXW,Air,Pre-PQ Process,10/14/2008,22-Dec-08,22-Dec-08,22-Dec-08,HRDT,HIV test,"Trinity Biotech, Plc","HIV 1/2, Uni-Gold HIV Kit, 20 Tests","HIV 1/2, Uni-Gold HIV Kit",Uni-Gold,,Test kit,20,650,20800.0,32.0,1.6,"Trinity Biotech, Plc",Yes,278,7936.81,40.77
84468,110-ZM-T30,FPQ-14784,SO-49622,DN-4257,Zambia,PMO - US,From RDC,N/A - From RDC,Truck,8/12/2014,N/A - From RDC,29-May-15,15-May-15,15-May-15,ARV,Adult,SCMS from RDC,"Efavirenz/Lamivudine/Tenofovir Disoproxil Fumarate 600/300/300mg, tablets, 30 Tabs",Efavirenz/Lamivudine/Tenofovir Disoproxil Fumarate,Generic,600/300/300mg,Tablet - FDC,30,43000,412800.0,9.6,0.32,Hetero Unit III Hyderabad IN,Yes,68951,80039.1,424.36
11044,111-MZ-T01,Pre-PQ Process,SO-30440,DN-1231,Mozambique,PMO - US,From RDC,N/A - From RDC,Truck,Pre-PQ Process,N/A - From RDC,28-Jun-09,28-Jun-09,28-Jun-09,ARV,Adult,SCMS from RDC,"Lamivudine 150mg, tablets, 60 Tabs",Lamivudine,Generic,150mg,Tablet,60,2106,5138.64,2.44,0.04,"Aurobindo Unit III, India",Yes,3545,3599.76,10.07
85311,104-CI-T30,FPQ-9749,SO-42400,DN-2880,Côte d'Ivoire,PMO - US,From RDC,N/A - From RDC,Truck,4/19/2012,N/A - From RDC,30-Oct-12,24-Oct-12,24-Oct-12,ARV,Adult,SCMS from RDC,"Efavirenz 600mg, tablets, 30 Tabs",Efavirenz,Generic,600mg,Tablet,30,23705,86286.2,3.64,0.12,"Strides, Bangalore, India.",No,See DN-2880 (ID#:85310),See DN-2880 (ID#:85310),120.97
11876,106-HT-T01,Pre-PQ Process,SO-2053,DN-744,Haiti,PMO - US,From RDC,N/A - From RDC,Air,Pre-PQ Process,N/A - From RDC,2-Jun-08,2-Jun-08,2-Jun-08,ARV,Adult,SCMS from RDC,"Stavudine 15mg, capsules, 60 Caps",Stavudine,Generic,15mg,Capsule,60,127,190.5,1.5,0.02,"Aurobindo Unit III, India",No,See DN-744 (ID#:10684),See DN-744 (ID#:10684),0.3
83212,101-CD-T30,FPQ-13554,SO-47630,DN-3561,"Congo, DRC",PMO - US,From RDC,N/A - From RDC,Air,1/15/2014,N/A - From RDC,30-May-14,19-May-14,26-Jun-14,ARV,Pediatric,SCMS from RDC,"Lamivudine/Nevirapine/Zidovudine 30/50/60mg, dispersible tablets, 60 Tabs",Lamivudine/Nevirapine/Zidovudine,Generic,30/50/60mg,Chewable/dispersible tablet - FDC,60,1850,6937.5,3.75,0.06,"Strides, Bangalore, India.",No,See DN-3561 (ID#:82654),See DN-3561 (ID#:82654),7.13
77565,900-CM-T30,FPQ-10654,SCMS-161720,ASN-17261,Cameroon,PMO - US,Direct Drop,EXW,Air,9/20/2012,10/8/2012,19-Dec-12,19-Dec-12,19-Dec-12,ARV,Adult,MYLAN LABORATORIES LTD (FORMERLY MATRIX LABORATORIES),"Efavirenz/Lamivudine/Tenofovir Disoproxil Fumarate 600/300/300mg, tablets, 30 Tabs",Efavirenz/Lamivudine/Tenofovir Disoproxil Fumarate,Generic,600/300/300mg,Tablet - FDC,30,26204,314185.96,11.99,0.4,Mylan (formerly Matrix) Nashik,Yes,3176,27939.91,440.49
82713,111-MZ-T30,FPQ-13123,SO-47080,DN-3828,Mozambique,PMO - US,From RDC,N/A - From RDC,Truck,10/21/2013,N/A - From RDC,29-Aug-14,5-Nov-14,7-Nov-14,ARV,Adult,SCMS from RDC,"Efavirenz 600mg, tablets, 30 Tabs",Efavirenz,Generic,600mg,Tablet,30,12710,40799.1,3.21,0.11,"Strides, Bangalore, India.",Yes,9511,10217.02,41.94
83520,104-CI-T30,FPQ-7659,SO-40121,DN-2304,Côte d'Ivoire,PMO - US,From RDC,N/A - From RDC,Air,5/3/2011,N/A - From RDC,27-Sep-11,12-Sep-11,12-Sep-11,ARV,Adult,SCMS from RDC,"Abacavir 300mg, tablets, 60 Tabs",Abacavir,Generic,300mg,Tablet,60,4617,69439.68,15.04,0.25,"Aurobindo Unit III, India",No,See DN-2304 (ID#:82395),See DN-2304 (ID#:82395),114.58
10889,114-UG-T01,Pre-PQ Process,SO-1123,DN-381,Uganda,PMO - US,From RDC,N/A - From RDC,Air,Pre-PQ Process,N/A - From RDC,5-Nov-07,5-Nov-07,5-Nov-07,ARV,Adult,SCMS from RDC,"Efavirenz 600mg, tablets, 30 Tabs",Efavirenz,Generic,600mg,Tablet,30,1717,21325.14,12.42,0.41,"Aurobindo Unit III, India",Yes,151,1157.58,34.12
83593,113-ZW-T30,FPQ-8464,SO-40901,DN-2695,Zimbabwe,PMO - US,From RDC,N/A - From RDC,Truck,10/4/2011,N/A - From RDC,11-Dec-12,27-Jun-12,27-Jun-12,ARV,Adult,SCMS from RDC,"Lamivudine/Nevirapine/Zidovudine 150/200/300mg, tablets, 60 Tabs",Lamivudine/Nevirapine/Zidovudine,Generic,150/300/200mg,Tablet - FDC,60,11574,119096.46,10.29,0.17,Mylan (formerly Matrix) Nashik,No,See DN-2695 (ID#:83043),See DN-2695 (ID#:83043),196.51
29219,116-ZA-T30,FPQ-3560,SCMS-50940,ASN-5424,South Africa,PMO - US,Direct Drop,DDP,Truck,5/7/2009,8/3/2009,8-Oct-09,8-Oct-09,8-Oct-09,ARV,Pediatric,S. BUYS WHOLESALER,"Stavudine 1mg/ml, powder for oral solution, 200 ml",Stavudine,Generic,1mg/ml,Oral solution,200,300,753.67,2.51,0.01,"Aurobindo Unit III, India",No,Weight Captured Separately,Freight Included in Commodity Cost,1.48
64021,102-BW-T30,FPQ-10435,SCMS-155780,ASN-16044,Botswana,PMO - US,Direct Drop,EXW,Air,7/27/2012,8/2/2012,10-Sep-12,10-Sep-12,10-Sep-12,HRDT,HIV test,"SHANGHAI KEHUA BIOENGINEERING CO.,LTD.  (KHB)","HIV 1/2, SKB Colloidal Gold, Diagnostic Kit, Antibody, 50 Tests","HIV 1/2, Colloidal Gold, Diagnostic Kit, Antibody",Colloidal Gold,,Test kit,1,1600,39200.0,24.5,24.5,"KHB Test Kit Facility, Shanghai China",Yes,1111,8542.94,54.96
40942,106-HT-T30,FPQ-4389,SCMS-58040,ASN-7322,Haiti,PMO - US,Direct Drop,CIP,Air,11/3/2009,11/24/2009,29-Jun-10,29-Jun-10,29-Jun-10,ARV,Pediatric,MERCK SHARP & DOHME IDEA GMBH (FORMALLY MERCK SHARP & DOHME B.V.),"Efavirenz 30mg/ml [Stocrin/Sustiva], oral solution, Bottle, 180 ml",Efavirenz,Stocrin/Sustiva,30mg/ml,Oral solution,180,180,3052.8,16.96,0.09,"MSD, Haarlem, NL",Yes,Weight Captured Separately,Freight Included in Commodity Cost,6.58
10703,119-NA-T01,Pre-PQ Process,SO-2349,DN-710,Namibia,PMO - US,From RDC,N/A - From RDC,Air,Pre-PQ Process,N/A - From RDC,10-Apr-08,10-Apr-08,10-Apr-08,ARV,Adult,SCMS from RDC,"Efavirenz 600mg, tablets, 30 Tabs",Efavirenz,Generic,600mg,Tablet,30,2100,25221.0,12.01,0.4,"Aurobindo Unit III, India",Yes,181,690.39,40.35
12281,114-UG-T01,Pre-PQ Process,SO-26160,DN-1225,Uganda,PMO - US,From RDC,N/A - From RDC,Air,Pre-PQ Process,N/A - From RDC,22-May-09,22-May-09,22-May-09,ARV,Adult,SCMS from RDC,"Stavudine 30mg, capsules, 60 Caps",Stavudine,Generic,30mg,Capsule,60,60,89.4,1.49,0.02,"Aurobindo Unit III, India",Yes,4,526.41,0.18
43526,200-UG-T30,FPQ-14628,SCMS-253250,ASN-28512,Uganda,PMO - US,Direct Drop,EXW,Air,7/23/2014,9/4/2014,13-Nov-14,13-Nov-14,13-Nov-14,HRDT,HIV test,"Orgenics, Ltd","HIV 1/2, Determine Complete HIV Kit, 100 Tests","HIV 1/2, Determine Complete HIV Kit",Determine,,Test kit,100,4000,320000.0,80.0,0.8,"Alere Medical Co., Ltd.",Yes,1624,14692.8,328.96
83333,151-NG-T30,FPQ-14766,SO-49686,DN-4226,Nigeria,PMO - US,From RDC,N/A - From RDC,Air Charter,8/13/2014,N/A - From RDC,30-Apr-15,15-Apr-15,20-Apr-15,ARV,Adult,SCMS from RDC,"Lamivudine/Nevirapine/Zidovudine 150/200/300mg, tablets, 60 Tabs",Lamivudine/Nevirapine/Zidovudine,Generic,150/300/200mg,Tablet - FDC,60,189393,1462113.96,7.72,0.13,Mylan (formerly Matrix) Nashik,Yes,24904,51677,1503.05
65940,106-HT-T30,FPQ-7459,SCMS-106780,ASN-11663,Haiti,PMO - US,Direct Drop,DDU,Air,3/29/2011,4/29/2011,25-Jul-11,25-Jul-11,25-Jul-11,HRDT,HIV test,REINBOLD EXPORT IMPORT,"HIV 1/2, Determine Complete HIV Kit, 100 Tests","HIV 1/2, Determine Complete HIV Kit",Determine,,Test kit,100,1432,164680.0,115.0,1.15,Inverness Japan,Yes,Weight Captured Separately,Freight Included in Commodity Cost,271.72
82891,114-UG-T30,FPQ-5239,SO-36130,DN-1856,Uganda,PMO - US,From RDC,N/A - From RDC,Air,3/2/2010,N/A - From RDC,30-Jun-10,22-Jun-10,22-Jun-10,ARV,Adult,SCMS from RDC,"Lamivudine/Nevirapine/Zidovudine 150/200/300mg, tablets, 60 Tabs",Lamivudine/Nevirapine/Zidovudine,Generic,150/300/200mg,Tablet - FDC,60,5000,56000.0,11.2,0.19,Mylan (formerly Matrix) Nashik,Yes,690,5410.32,120.74
83797,102-BI-T30,FPQ-13627,SO-47670,DN-3712,Burundi,PMO - US,From RDC,N/A - From RDC,Air,1/24/2014,N/A - From RDC,30-May-14,25-Jun-14,1-Jul-14,ARV,Adult,SCMS from RDC,"Nevirapine 200mg, tablets, 60 Tabs",Nevirapine,Generic,200mg,Tablet,60,450,994.5,2.21,0.04,"Aurobindo Unit III, India",No,See DN-3712 (ID#:83795),See DN-3712 (ID#:83795),1.02
35299,116-ZA-T30,FPQ-13214,SCMS-215410,ASN-23875,South Africa,PMO - US,Direct Drop,DDP,Truck,11/14/2013,12/2/2013,13-Jan-14,13-Jan-14,13-Jan-14,ARV,Adult,S. BUYS WHOLESALER,"Stavudine 30mg, capsules, 60 Caps",Stavudine,Generic,30mg,Capsule,60,440,1734.76,3.94,0.07,"Aurobindo Unit III, India",No,Weight Captured Separately,Freight Included in Commodity Cost,1.78
10804,111-MZ-T01,Pre-PQ Process,SO-323,DN-15,Mozambique,PMO - US,From RDC,N/A - From RDC,Air,Pre-PQ Process,N/A - From RDC,1-Feb-07,1-Feb-07,1-Feb-07,ARV,Adult,SCMS from RDC,"Saquinavir 200mg [Invirase], capsules, 270 Caps",Saquinavir,Invirase,200mg,Capsule,270,117,9117.81,77.93,0.29,Roche Basel,Yes,155,939.08,
12061,111-MZ-T01,Pre-PQ Process,SO-576,DN-148,Mozambique,PMO - US,From RDC,N/A - From RDC,Air,Pre-PQ Process,N/A - From RDC,13-Jun-07,13-Jun-07,13-Jun-07,ARV,Adult,SCMS from RDC,"Tenofovir Disoproxil Fumarate 300mg [Viread], tablets, 30 Tabs",Tenofovir Disoproxil Fumarate,Viread,300mg,Tablet,30,2684,45628.0,17.0,0.57,Gilead(Nycomed) Oranienburg DE,No,See DN-148 (ID#:10564),See DN-148 (ID#:10564),
71045,105-SS-T30,FPQ-15569,SCMS-272170,ASN-32107,South Sudan,PMO - US,Direct Drop,EXW,Air,12/29/2014,2/20/2015,2-Jul-15,7-Jul-15,7-Jul-15,HRDT,HIV test - Ancillary,"Orgenics, Ltd","Capillary Tubes, for Determine, EDTA, 50uL,100 Pcs","HIV, Capillary Tubes, for Determine, EDTA, 50uL,100 Pcs",Determine,,Test kit - Ancillary,100,50,400.0,8.0,0.08,"Alere Medical Co., Ltd.",No,See ASN-32107 (ID#:16391),See ASN-32107 (ID#:16391),0.47
83347,114-UG-T30,FPQ-15639,SO-50660,DN-4310,Uganda,PMO - US,From RDC,N/A - From RDC,Truck,12/22/2014,N/A - From RDC,31-Jul-15,23-Jul-15,23-Jul-15,ARV,Adult,SCMS from RDC,"Lamivudine/Nevirapine/Zidovudine 150/200/300mg, tablets, 60 Tabs",Lamivudine/Nevirapine/Zidovudine,Generic,150/300/200mg,Tablet - FDC,60,88392,716859.12,8.11,0.14,"Cipla, Goa, India",No,See DN-4310 (ID#:82811),See DN-4310 (ID#:82811),843.74
82005,161-ZA-T30,FPQ-5648,SCMS-75460,ASN-8262,South Africa,PMO - US,Direct Drop,DDP,Ocean,6/2/2010,6/17/2010,4-Mar-11,4-Mar-11,4-Mar-11,ARV,Adult,Aurobindo Pharma Limited,"Lamivudine 150mg, tablets, 60 Tabs",Lamivudine,Generic,150mg,Tablet,60,130828,316603.76,2.42,0.04,"Aurobindo Unit III, India",Yes,6525,10984.82,682.6
68138,109-TZ-T30,FPQ-6936,SCMS-100630,ASN-10756,Tanzania,PMO - US,Direct Drop,EXW,Air,12/27/2010,3/9/2011,9-Jun-11,9-Jun-11,9-Jun-11,HRDT,HIV test,"Standard Diagnostics, Inc.","HIV 1/2, Bioline 3.0 Kit, Lancets, Capillary pipets, Alcohol swabs included, 25 Tests","HIV 1/2, Bioline 3.0 Kit, Lancets, Capillary pipets, Alcohol swabs included",Bioline,,Test kit,25,10000,200000.0,20.0,0.8,"Standard Diagnostics, Korea",Yes,3335,24382.98,330.0
84519,151-NG-T30,FPQ-4105,SO-33144,DN-1569,Nigeria,PMO - US,From RDC,N/A - From RDC,Air Charter,8/13/2009,N/A - From RDC,18-Dec-09,18-Dec-09,18-Dec-09,ARV,Adult,SCMS from RDC,"Lamivudine/Tenofovir Disoproxil Fumarate 300/300mg, tablets, 30 Tabs",Lamivudine/Tenofovir Disoproxil Fumarate,Generic,300/300mg,Tablet - FDC,30,50040,500400.0,10.0,0.33,Mylan (formerly Matrix) Nashik,Yes,4161,11637.64,980.78
22176,116-ZA-T30,FPQ-13973,SCMS-238556,ASN-31854,South Africa,PMO - US,Direct Drop,DDP,Truck,4/30/2014,4/28/2015,28-Apr-15,28-Apr-15,28-Apr-15,ARV,Pediatric,PHARMACY DIRECT,"Efavirenz 50mg, capsule, 30 Caps",Efavirenz,Generic,50mg,Capsule,30,15,45.09,3.01,0.1,"Aurobindo Unit III, India",No,Weight Captured Separately,Freight Included in Commodity Cost,0.05
16784,108-VN-T30,FPQ-11417,SCMS-174390,ASN-18903,Vietnam,PMO - US,Direct Drop,EXW,Air,1/10/2013,1/22/2013,25-Apr-13,25-Apr-13,25-Apr-13,ARV,Adult,HETERO LABS LIMITED,"Tenofovir Disoproxil Fumarate 300mg, tablets, 30 Tabs",Tenofovir Disoproxil Fumarate,Generic,300mg,Tablet,30,34640,122972.0,3.55,0.12,Hetero Unit III Hyderabad IN,Yes,2804,9759.55,152.12
51408,133-NG-T30,FPQ-8117,SCMS-118190,ASN-12878,Nigeria,PMO - US,Direct Drop,EXW,Air,7/28/2011,8/15/2011,19-Dec-11,9-Dec-11,9-Dec-11,HRDT,HIV test,"Orgenics, Ltd","HIV 1/2, Determine Complete HIV Kit, 100 Tests","HIV 1/2, Determine Complete HIV Kit",Determine,,Test kit,100,2891,257299.0,89.0,0.89,"Alere Medical Co., Ltd.",Yes,1378,32667.09,424.54
84470,111-MZ-T30,FPQ-15195,SO-50123,DN-4264,Mozambique,PMO - US,From RDC,N/A - From RDC,Truck,10/17/2014,N/A - From RDC,30-Jun-15,22-Jun-15,25-Jun-15,ARV,Adult,SCMS from RDC,"Lamivudine/Tenofovir Disoproxil Fumarate 300/300mg, tablets, 30 Tabs",Lamivudine/Tenofovir Disoproxil Fumarate,Generic,300/300mg,Tablet - FDC,30,5763,26625.06,4.62,0.15,Hetero Unit III Hyderabad IN,Yes,599,3610,31.34
83772,111-MZ-T30,FPQ-13123,SO-47083,DN-3580,Mozambique,PMO - US,From RDC,N/A - From RDC,Truck,10/21/2013,N/A - From RDC,15-Apr-14,14-Apr-14,17-Apr-14,ARV,Adult,SCMS from RDC,"Efavirenz/Lamivudine/Tenofovir Disoproxil Fumarate 600/300/300mg, tablets, 30 Tabs",Efavirenz/Lamivudine/Tenofovir Disoproxil Fumarate,Generic,600/300/300mg,Tablet - FDC,30,137189,1529657.35,11.15,0.37,Mylan (formerly Matrix) Nashik,Yes,28696,22890.82,1572.49
82985,111-MZ-T30,FPQ-7053,SO-38642,DN-2392,Mozambique,PMO - US,From RDC,N/A - From RDC,Truck,1/24/2011,N/A - From RDC,14-Dec-11,14-Dec-11,14-Dec-11,ARV,Pediatric,SCMS from RDC,"Nevirapine 10mg/ml, oral suspension, Bottle, 240 ml",Nevirapine,Generic,10mg/ml,Oral suspension,240,2047,3684.6,1.8,0.01,"Aurobindo Unit III, India",No,See DN-2392 (ID#:82413),See DN-2392 (ID#:82413),6.08
81252,102-KE-T30,FPQ-9126,SCMS-134000,ASN-13847,Kenya,PMO - US,Direct Drop,DAP,Air,1/10/2012,1/18/2012,6-Feb-12,6-Feb-12,6-Feb-12,HRDT,HIV test,MEDMIRA EAST AFRICA LTD.,"HIV, Reveal G3 Rapid HIV-1 Antibody Test, 30 Tests","HIV, Reveal G3 Rapid HIV-1 Antibody Test",Reveal,,Test kit,30,50,2550.0,51.0,1.7,MedMira Inc.,Yes,Weight Captured Separately,Freight Included in Commodity Cost,3.58
77480,116-ZA-T30,FPQ-12522,SCMS-199289,ASN-28034,South Africa,PMO - US,Direct Drop,DDP,Truck,7/11/2013,8/29/2014,29-Aug-14,29-Aug-14,29-Aug-14,ARV,Pediatric,S. BUYS WHOLESALER,"Efavirenz 200mg, capsule, 90 Caps",Efavirenz,Generic,200mg,Capsule,90,57,1483.72,26.03,0.29,"Aurobindo Unit III, India",No,Weight Captured Separately,Freight Included in Commodity Cost,1.84
56468,800-CM-T30,FPQ-12570,SCMS-200901,ASN-25986,Cameroon,PMO - US,Direct Drop,EXW,Air,7/10/2013,8/6/2013,10-Jun-14,10-Jun-14,10-Jun-14,HRDT,HIV test,"Orgenics, Ltd","HIV 1/2, Determine Complete HIV Kit, 100 Tests","HIV 1/2, Determine Complete HIV Kit",Determine,,Test kit,100,5000,400000.0,80.0,0.8,"Alere Medical Co., Ltd.",Yes,2020,29918.58,494.8
86071,105-GY-T30,FPQ-13567,SO-47730,DN-3626,Guyana,PMO - US,From RDC,N/A - From RDC,Air,1/16/2014,N/A - From RDC,30-Jun-14,14-Apr-14,6-Jun-14,ARV,Pediatric,SCMS from RDC,"Nevirapine 10mg/ml, oral suspension w/syringe, Bottle, 240 ml",Nevirapine,Generic,10mg/ml,Oral suspension,240,152,282.72,1.86,0.01,"Aurobindo Unit III, India",No,See DN-3626 (ID#:83781),See DN-3626 (ID#:83781),0.29
83010,111-MZ-T30,FPQ-8157,SO-40360,DN-2518,Mozambique,PMO - US,From RDC,N/A - From RDC,Truck,8/4/2011,N/A - From RDC,30-Mar-12,8-Mar-12,8-Mar-12,ARV,Adult,SCMS from RDC,"Lamivudine/Nevirapine/Zidovudine 150/200/300mg, tablets, 60 Tabs",Lamivudine/Nevirapine/Zidovudine,Generic,150/300/200mg,Tablet - FDC,60,100000,1122000.0,11.22,0.19,"Cipla, Goa, India",No,See DN-2518 (ID#:83009),See DN-2518 (ID#:83009),1851.3
29727,106-HT-T30,FPQ-5725,SCMS-74760,ASN-7496,Haiti,PMO - US,Direct Drop,DDU,Truck,5/26/2010,6/1/2010,28-Jun-10,28-Jun-10,28-Jun-10,HRDT,HIV test,REINBOLD EXPORT IMPORT,"HIV 1/2, Determine Kit without Lancets, Buffer or Caplillary Tubes, 100 Tests","HIV 1/2, Determine Kit without Lancets, Buffer or Capillary Tubes, 100 Tests",Determine,,Test kit,100,1000,125000.0,125.0,1.25,INVERNESS ANY,Yes,Weight Captured Separately,Freight Included in Commodity Cost,269.5
82300,151-NG-T30,FPQ-4537,SO-35032,DN-1684,Nigeria,PMO - US,From RDC,N/A - From RDC,Air Charter,11/6/2009,N/A - From RDC,19-Apr-10,31-Mar-10,31-Mar-10,ARV,Adult,SCMS from RDC,"Lamivudine 150mg, tablets, 60 Tabs",Lamivudine,Generic,150mg,Tablet,60,342,834.48,2.44,0.04,"Aurobindo Unit III, India",Yes,17,Freight Included in Commodity Cost,1.8
11949,112-NG-T01,Pre-PQ Process,SO-20960,DN-1124,Nigeria,PMO - US,From RDC,N/A - From RDC,Air Charter,Pre-PQ Process,N/A - From RDC,19-Mar-09,19-Mar-09,19-Mar-09,ARV,Pediatric,SCMS from RDC,"Lamivudine 10mg/ml, oral solution, Bottle, 240 ml",Lamivudine,Generic,10mg/ml,Oral solution,240,833,1582.7,1.9,0.01,"Aurobindo Unit III, India",No,See DN-1124 (ID#:11620),See DN-1124 (ID#:11620),3.1
72467,A01-BF-T50,FPQ-15908,SCMS-285170,ASN-33458,Burkina Faso,PMO - US,Direct Drop,FCA,Air,2/19/2015,4/24/2015,4-Aug-15,4-Aug-15,4-Aug-15,ARV,Adult,ABBVIE LOGISTICS (FORMERLY ABBOTT LOGISTICS BV),"Ritonavir 100mg [Norvir], film coated tablets, 60 Tabs",Ritonavir,Norvir,100mg,Tablet,60,25,171.25,6.85,0.11,ABBVIE Ludwigshafen Germany,Yes,Weight Captured Separately,Invoiced Separately,0.2
85632,104-CI-T30,FPQ-3964,SO-33210,DN-1482,Côte d'Ivoire,PMO - US,From RDC,N/A - From RDC,Air,7/24/2009,N/A - From RDC,30-Oct-09,20-Oct-09,20-Oct-09,ARV,Pediatric,SCMS from RDC,"Lamivudine 10mg/ml, oral solution, Bottle, 240 ml",Lamivudine,Generic,10mg/ml,Oral solution,240,819,1556.1,1.9,0.01,"Aurobindo Unit III, India",Yes,284,1668.76,3.05
51587,161-ZA-T30,FPQ-5303,SCMS-68950,ASN-7078,South Africa,PMO - US,Direct Drop,DDP,Air,3/18/2010,3/19/2010,9-Jun-10,9-Jun-10,9-Jun-10,ARV,Adult,Aurobindo Pharma Limited,"Nevirapine 200mg, tablets, 60 Tabs",Nevirapine,Generic,200mg,Tablet,60,22372,65326.24,2.92,0.05,"Aurobindo Unit III, India",Yes,2655,6369.79,140.84
64664,116-ZA-T30,FPQ-7176,SCMS-104400,ASN-11806,South Africa,PMO - US,Direct Drop,DDP,Ocean,3/10/2011,4/1/2011,5-Oct-11,5-Oct-11,5-Oct-11,ARV,Adult,Aurobindo Pharma Limited,"Abacavir 300mg, tablets, 60 Tabs",Abacavir,Generic,300mg,Tablet,60,120,1791.6,14.93,0.25,"Aurobindo Unit III, India",Yes,12,160.52,2.96
30915,107-RW-T30,FPQ-14813,SCMS-261782,ASN-33340,Rwanda,PMO - US,Direct Drop,EXW,Air,10/9/2014,12/15/2014,28-Aug-15,28-Aug-15,30-Aug-15,ARV,Adult,EMCURE PHARMACEUTICALS LTD,"Atazanavir/Ritonavir 300/100mg, tablets, 30 Tabs",Atazanavir/Ritonavir,Generic,300/100mg,Tablet,30,16585,298530.0,18.0,0.6,"Emcure Plot No.P-2, I.T-B.T. Park, Phase II, MIDC, Hinjwadi, Pune, India",Yes,Weight Captured Separately,Invoiced Separately,306.89
37820,116-ZA-T30,FPQ-13973,SCMS-238556,ASN-31854,South Africa,PMO - US,Direct Drop,DDP,Truck,4/30/2014,4/28/2015,28-Apr-15,28-Apr-15,28-Apr-15,ARV,Adult,PHARMACY DIRECT,"Tenofovir Disoproxil Fumarate 300mg, tablets, 30 Tabs",Tenofovir Disoproxil Fumarate,Generic,300mg,Tablet,30,60,1147.25,19.12,0.64,Mylan (formerly Matrix) Nashik,No,Weight Captured Separately,Freight Included in Commodity Cost,1.18
85153,106-HT-T30,FPQ-6391,SO-37440,DN-2020,Haiti,PMO - US,From RDC,N/A - From RDC,Air,9/10/2010,N/A - From RDC,8-Oct-10,21-Oct-10,21-Oct-10,ARV,Pediatric,SCMS from RDC,"Stavudine 1mg/ml, powder for oral solution, 200 ml",Stavudine,Generic,1mg/ml,Oral solution,200,600,810.0,1.35,0.01,"Aurobindo Unit III, India",Yes,69,29153.27,1.75
46574,107-RW-T30,FPQ-8741,SCMS-129530,ASN-15232,Rwanda,PMO - US,Direct Drop,CIP,Air,11/30/2011,3/9/2012,15-Jun-12,15-Jun-12,15-Jun-12,ARV,Pediatric,CIPLA LIMITED,"Lamivudine/Stavudine 60/12mg, dispersible tablets, 60 Tabs",Lamivudine/Stavudine,Generic,60/12mg,Chewable/dispersible tablet - FDC,60,672,2466.24,3.67,0.06,"Cipla, Goa, India",Yes,49,221.96,3.46
12320,110-ZM-T01,Pre-PQ Process,SO-32850,DN-1432,Zambia,PMO - US,From RDC,N/A - From RDC,Truck,Date Not Captured,N/A - From RDC,2-Oct-09,2-Oct-09,2-Oct-09,ARV,Adult,SCMS from RDC,"Lamivudine/Nevirapine/Stavudine 150/200/30mg, tablets, 60 Tabs",Lamivudine/Nevirapine/Stavudine,Generic,150/200/30mg,Tablet - FDC,60,61520,438022.4,7.12,0.12,"Cipla, Goa, India",Yes,23888,13518.56,858.52
85186,114-UG-T30,FPQ-7395,SO-39140,DN-2201,Uganda,PMO - US,From RDC,N/A - From RDC,Truck,3/11/2011,N/A - From RDC,6-Jun-11,1-Jun-11,1-Jun-11,ARV,Adult,SCMS from RDC,"Efavirenz 600mg, tablets, 30 Tabs",Efavirenz,Generic,600mg,Tablet,30,2950,12449.0,4.22,0.14,Mylan (formerly Matrix) Nashik,No,See DN-2201 (ID#:84644),See DN-2201 (ID#:84644),20.54
8038,108-VN-T01,Pre-PQ Process,SCMS-753,ASN-781,Vietnam,PMO - US,Direct Drop,EXW,Air,Pre-PQ Process,7/4/2007,15-Oct-07,15-Oct-07,15-Oct-07,ARV,Pediatric,Aurobindo Pharma Limited,"Lamivudine 10mg/ml, oral solution, Bottle, 240 ml",Lamivudine,Generic,10mg/ml,Oral solution,240,500,950.0,1.9,0.01,"Aurobindo Unit III, India",No,See ASN-781 (ID#:115),See ASN-781 (ID#:115),1.52
45150,900-SS-T30,FPQ-11623,SCMS-178030,ASN-19143,South Sudan,PMO - US,Direct Drop,EXW,Air,2/8/2013,2/27/2013,16-Aug-13,16-Aug-13,16-Aug-13,HRDT,HIV test - Ancillary,"Orgenics, Ltd","Chase Buffer, Determine, 100 Tests, 2.5ml x 1 Vial","Chase Buffer, Determine, 100 Tests, 2.5ml x 1 Vial",Determine,,Test kit - Ancillary,1,116,580.0,5.0,5.0,"Alere Medical Co., Ltd.",No,See ASN-19143 (ID#:26345),See ASN-19143 (ID#:26345),0.72
82668,107-RW-T30,FPQ-12766,SO-46485,DN-3642,Rwanda,PMO - US,From RDC,N/A - From RDC,Truck,8/2/2013,N/A - From RDC,5-May-14,6-Jun-14,20-Jun-14,ARV,Adult,SCMS from RDC,"Lamivudine/Tenofovir Disoproxil Fumarate 300/300mg, tablets, 30 Tabs",Lamivudine/Tenofovir Disoproxil Fumarate,Generic,300/300mg,Tablet - FDC,30,2381,11047.84,4.64,0.15,"Cipla, Kurkumbh, India",Yes,3703,8469.67,13.67
44263,100-ZM-T30,FPQ-12179,SCMS-190730,ASN-20679,Zambia,PMO - US,Direct Drop,EXW,Air,5/14/2013,5/22/2013,23-Jul-13,23-Jul-13,23-Jul-13,HRDT,HIV test,"Trinity Biotech, Plc","HIV 1/2, Uni-Gold HIV Kit, 20 Tests","HIV 1/2, Uni-Gold HIV Kit",Uni-Gold,,Test kit,20,2730,87360.0,32.0,1.6,"Trinity Biotech, Plc",Yes,890,11367.59,108.06
12188,106-HT-T01,Pre-PQ Process,SO-2042,DN-682,Haiti,PMO - US,From RDC,N/A - From RDC,Air,Pre-PQ Process,N/A - From RDC,21-Mar-08,21-Mar-08,21-Mar-08,ARV,Adult,SCMS from RDC,"Abacavir 300mg, tablets, 60 Tabs",Abacavir,Generic,300mg,Tablet,60,190,5230.7,27.53,0.46,Mylan (formerly Matrix) Nashik,No,See DN-682 (ID#:10963),See DN-682 (ID#:10963),8.37
86298,151-NG-T30,FPQ-4537,SO-35021,DN-1802,Nigeria,PMO - US,From RDC,N/A - From RDC,Air Charter,11/6/2009,N/A - From RDC,31-May-10,18-May-10,18-May-10,ARV,Adult,SCMS from RDC,"Efavirenz/Emtricitabine/Tenofovir Disoproxil Fumarate 600/200/300mg, tablets, 30 Tabs",Efavirenz/Emtricitabine/Tenofovir Disoproxil Fumarate,Generic,600/200/300mg,Tablet - FDC,30,52000,1035840.0,19.92,0.66,Mylan (formerly Matrix) Nashik,Yes,5701,9736.1,2233.27
66123,161-ZA-T30,FPQ-6262,SCMS-84210,ASN-10109,South Africa,PMO - US,Direct Drop,DDP,Ocean,8/31/2010,9/21/2010,5-Apr-11,5-May-11,5-May-11,ARV,Adult,CIPLA LIMITED,"Nevirapine 200mg, tablets, 60 Tabs",Nevirapine,Generic,200mg,Tablet,60,48446,135164.34,2.79,0.05,"Cipla, Goa, India",Yes,Weight Captured Separately,Freight Included in Commodity Cost,291.41
45057,116-ZA-T30,FPQ-12522,SCMS-199289,ASN-28036,South Africa,PMO - US,Direct Drop,DDP,Truck,7/11/2013,8/29/2014,29-Aug-14,29-Aug-14,29-Aug-14,ARV,Adult,S. BUYS WHOLESALER,"Efavirenz 600mg, tablets, 30 Tabs",Efavirenz,Generic,600mg,Tablet,30,1043,17283.85,16.57,0.55,Hetero Unit III Hyderabad IN,No,Weight Captured Separately,Freight Included in Commodity Cost,21.38
40790,116-ZA-T30,FPQ-12522,SCMS-199283,ASN-27976,South Africa,PMO - US,Direct Drop,DDP,Truck,7/11/2013,8/27/2014,27-Aug-14,27-Aug-14,27-Aug-14,ARV,Adult,S. BUYS WHOLESALER,"Lopinavir/Ritonavir 200/50mg [Aluvia], tablets, 120 Tabs",Lopinavir/Ritonavir,Aluvia,200/50mg,Tablet,120,62,1597.1,25.76,0.21,ABBVIE Ludwigshafen Germany,No,Weight Captured Separately,Freight Included in Commodity Cost,1.98
82439,101-CD-T30,FPQ-8840,SO-41142,DN-2506,"Congo, DRC",PMO - US,From RDC,N/A - From RDC,Air,11/21/2011,N/A - From RDC,16-Mar-12,14-Mar-12,14-Mar-12,ARV,Adult,SCMS from RDC,"Zidovudine 300mg, tablets, 60 Tabs",Zidovudine,Generic,300mg,Tablet,60,913,6409.26,7.02,0.12,Hetero Unit III Hyderabad IN,Yes,288,2460.79,8.99
36868,111-MZ-T30,FPQ-4740,SCMS-62331,ASN-6710,Mozambique,PMO - US,Direct Drop,CIP,Air,12/23/2009,1/25/2010,22-Apr-10,22-Apr-10,22-Apr-10,ARV,Adult,INTERNATIONAL HEALTHCARE DISTRIBUTORS,"Ritonavir 100mg [Norvir], capsules, cool, 84 Caps",Ritonavir,Norvir,100mg,Capsule,84,620,6417.0,10.35,0.12,ABBVIE (Abbott) Logis. UK,Yes,Weight Captured Separately,Freight Included in Commodity Cost,13.84
39453,101-CD-T30,FPQ-16001,SCMS-280210,ASN-31750,"Congo, DRC",PMO - US,Direct Drop,EXW,Air,3/10/2015,3/16/2015,2-Jul-15,2-Jul-15,30-Jul-15,HRDT,HIV test,"Trinity Biotech, Plc","HIV 1/2, Uni-Gold HIV Kit, 20 Tests","HIV 1/2, Uni-Gold HIV Kit",Uni-Gold,,Test kit,20,73,2336.0,32.0,1.6,"Trinity Biotech, Plc",No,See ASN-31750 (ID#:19272),See ASN-31750 (ID#:19272),2.75
38762,151-NG-T30,FPQ-7339,SCMS-104040,ASN-10453,Nigeria,PMO - US,Direct Drop,EXW,Air,3/9/2011,3/25/2011,18-Apr-11,18-Apr-11,18-Apr-11,ARV,Pediatric,Aurobindo Pharma Limited,"Nevirapine 10mg/ml, oral suspension w/syringe, Bottle, 240 ml",Nevirapine,Generic,10mg/ml,Oral suspension,240,4000,7800.0,1.95,0.01,"Aurobindo Unit III, India",Yes,1573,9316.91,12.87
84227,104-CI-T30,FPQ-10633,SO-43321,DN-3019,Côte d'Ivoire,PMO - US,From RDC,N/A - From RDC,Truck,9/11/2012,N/A - From RDC,28-Feb-13,28-Feb-13,28-Feb-13,ARV,Adult,SCMS from RDC,"Lamivudine/Nevirapine/Zidovudine 150/200/300mg, tablets, 60 Tabs",Lamivudine/Nevirapine/Zidovudine,Generic,150/300/200mg,Tablet - FDC,60,36240,310939.2,8.58,0.14,"Aurobindo Unit III, India",Yes,13509,36857.21,435.94
36562,111-MZ-T30,FPQ-4740,SCMS-82730,ASN-9423,Mozambique,PMO - US,Direct Drop,FCA,Air,12/23/2009,8/25/2010,2-Mar-11,2-Mar-11,2-Mar-11,ARV,Adult,ABBVIE LOGISTICS (FORMERLY ABBOTT LOGISTICS BV),"Ritonavir 100mg [Norvir], film coated tablets, 30 Tabs",Ritonavir,Norvir,100mg,Tablet,30,2240,7683.2,3.43,0.11,ABBVIE Ludwigshafen Germany,Yes,216,2698.28,16.56
86283,151-NG-T30,FPQ-4537,SO-35052,DN-1717,Nigeria,PMO - US,From RDC,N/A - From RDC,Air Charter,11/6/2009,N/A - From RDC,19-Apr-10,31-Mar-10,31-Mar-10,ARV,Adult,SCMS from RDC,"Lamivudine/Zidovudine 150/300mg, tablets, 60 Tabs",Lamivudine/Zidovudine,Generic,150/300mg,Tablet - FDC,60,10773,94371.48,8.76,0.15,Mylan (formerly Matrix) Nashik,Yes,859,Freight Included in Commodity Cost,203.46
85065,114-UG-T30,FPQ-4065,SO-33010,DN-1417,Uganda,PMO - US,From RDC,N/A - From RDC,Air,8/6/2009,N/A - From RDC,8-Oct-09,8-Oct-09,8-Oct-09,ARV,Adult,SCMS from RDC,"Nevirapine 200mg, tablets, 60 Tabs",Nevirapine,Generic,200mg,Tablet,60,100,290.0,2.9,0.05,"Aurobindo Unit III, India",No,See DN-1417 (ID#:82271),See DN-1417 (ID#:82271),0.57
18227,108-VN-T30,FPQ-7565,SCMS-108100,ASN-11579,Vietnam,PMO - US,Direct Drop,EXW,Air,4/21/2011,5/2/2011,11-Aug-11,11-Aug-11,11-Aug-11,ARV,Adult,MYLAN LABORATORIES LTD (FORMERLY MATRIX LABORATORIES),"Nevirapine 200mg, tablets, 60 Tabs",Nevirapine,Generic,200mg,Tablet,60,25000,65000.0,2.6,0.04,Mylan (formerly Matrix) Nashik,Yes,3098,12745.06,107.25
2601,116-ZA-T01,Pre-PQ Process,SCMS-47051,ASN-4837,South Africa,PMO - US,Direct Drop,DDP,Truck,Pre-PQ Process,6/5/2009,12-Oct-09,3-Aug-09,3-Aug-09,ARV,Adult,S. BUYS WHOLESALER,"Didanosine EC 400mg [Videx EC], delayed-release capsules, Blister 3 x 10 Caps",Didanosine EC,Videx EC,400mg,Delayed-release capsules - blister,30,20,438.0,21.9,0.73,"BMS Meymac, France",Yes,Weight Captured Separately,Freight Included in Commodity Cost,0.86
4470,106-HT-T01,Pre-PQ Process,SCMS-23820,ASN-2099,Haiti,PMO - US,Direct Drop,EXW,Air,Pre-PQ Process,5/20/2008,6-Aug-08,6-Aug-08,6-Aug-08,HRDT,HIV test,"Orgenics, Ltd","HIV 1/2, Determine HIV Kit, without Lancets, 100 Tests","HIV 1/2, Determine HIV Kit, without Lancets",Determine,,Test kit,100,2059,144130.0,70.0,0.7,Inverness Japan,Yes,470,3684.28,230.61
72485,102-KE-T30,FPQ-4591,SCMS-58381,ASN-7199,Kenya,PMO - US,Direct Drop,EXW,Air,11/18/2009,12/2/2009,7-Jul-10,7-Jul-10,7-Jul-10,HRDT,HIV test,"Orgenics, Ltd","HIV 1/2, Determine Complete HIV Kit, 100 Tests","HIV 1/2, Determine Complete HIV Kit",Determine,,Test kit,100,5361,428880.0,80.0,0.8,Inverness Japan,Yes,1098,10929.38,924.67
84370,109-TZ-T30,FPQ-13566,SO-47652,DN-3643,Tanzania,PMO - US,From RDC,N/A - From RDC,Truck,1/15/2014,N/A - From RDC,30-Jun-14,6-Jun-14,20-Jun-14,ARV,Adult,SCMS from RDC,"Efavirenz/Emtricitabine/Tenofovir Disoproxil Fumarate 600/200/300mg, tablets, 30 Tabs",Efavirenz/Emtricitabine/Tenofovir Disoproxil Fumarate,Generic,600/200/300mg,Tablet - FDC,30,43479,516965.31,11.89,0.4,Mylan (formerly Matrix) Nashik,Yes,4874,12435.18,531.44
64635,106-HT-T30,FPQ-11443,SCMS-180970,ASN-20026,Haiti,PMO - US,Direct Drop,EXW,Ocean,2/7/2013,3/26/2013,2-Sep-13,2-Sep-13,2-Sep-13,ARV,Adult,HETERO LABS LIMITED,"Lamivudine/Tenofovir Disoproxil Fumarate 300/300mg, tablets, 30 Tabs",Lamivudine/Tenofovir Disoproxil Fumarate,Generic,300/300mg,Tablet - FDC,30,19152,88482.24,4.62,0.15,Hetero Unit III Hyderabad IN,Yes,8351,6806.86,109.45
43928,116-ZA-T30,FPQ-12522,SCMS-199283,ASN-27980,South Africa,PMO - US,Direct Drop,DDP,Truck,7/11/2013,8/27/2014,27-Aug-14,27-Aug-14,27-Aug-14,ARV,Adult,S. BUYS WHOLESALER,"Tenofovir Disoproxil Fumarate 300mg, tablets, 30 Tabs",Tenofovir Disoproxil Fumarate,Generic,300mg,Tablet,30,98,2214.85,22.6,0.75,"Aurobindo Unit III, India",No,Weight Captured Separately,Freight Included in Commodity Cost,2.74
72066,116-ZA-T30,FPQ-12522,SCMS-199289,ASN-28033,South Africa,PMO - US,Direct Drop,DDP,Truck,7/11/2013,8/29/2014,29-Aug-14,29-Aug-14,29-Aug-14,ARV,Adult,S. BUYS WHOLESALER,"Lopinavir/Ritonavir 200/50mg [Aluvia], tablets, 120 Tabs",Lopinavir/Ritonavir,Aluvia,200/50mg,Tablet,120,70,1803.18,25.76,0.21,ABBVIE Ludwigshafen Germany,No,Weight Captured Separately,Freight Included in Commodity Cost,2.23
34646,101-CD-T30,FPQ-12093,SCMS-189060,ASN-20770,"Congo, DRC",PMO - US,Direct Drop,FCA,Air,4/23/2013,5/23/2013,20-Nov-13,20-Nov-13,26-Nov-13,ARV,Pediatric,ABBVIE LOGISTICS (FORMERLY ABBOTT LOGISTICS BV),"Lopinavir/Ritonavir 80/20mg/ml [Kaletra], oral solution, cool, Bottle 5 x 60 ml",Lopinavir/Ritonavir,Kaletra,80/20mg/ml,Oral solution,300,30,924.6,30.82,0.1,ABBVIE (Abbott) Logis. UK,Yes,56,1573.41,1.14
57449,108-VN-T30,FPQ-14516,SCMS-249030,ASN-29588,Vietnam,PMO - US,Direct Drop,FCA,Air,7/9/2014,8/11/2014,15-Jan-15,15-Jan-15,22-Jan-15,ARV,Adult,ABBVIE LOGISTICS (FORMERLY ABBOTT LOGISTICS BV),"Lopinavir/Ritonavir 200/50mg [Aluvia], tablets, 120 Tabs",Lopinavir/Ritonavir,Aluvia,200/50mg,Tablet,120,4400,267608.0,60.82,0.51,ABBVIE Ludwigshafen Germany,Yes,1073,1475.94,275.1
79757,108-VN-T30,FPQ-7469,SCMS-106480,ASN-11908,Vietnam,PMO - US,Direct Drop,FCA,Air,3/31/2011,4/21/2011,22-Sep-11,22-Sep-11,22-Sep-11,ARV,Adult,ABBVIE LOGISTICS (FORMERLY ABBOTT LOGISTICS BV),"Lopinavir/Ritonavir 200/50mg [Aluvia], tablets, 120 Tabs",Lopinavir/Ritonavir,Aluvia,200/50mg,Tablet,120,4951,406972.2,82.2,0.68,ABBVIE Ludwigshafen Germany,Yes,1232,8108.91,671.5
59743,102-MW-T30,FPQ-9568,SCMS-144170,ASN-15308,Malawi,PMO - US,Direct Drop,EXW,Air,4/11/2012,4/24/2012,13-Jul-12,13-Jul-12,13-Jul-12,HRDT,HIV test,"Trinity Biotech, Plc","HIV 1/2, Uni-Gold HIV Kit, 20 Tests","HIV 1/2, Uni-Gold HIV Kit",Uni-Gold,,Test kit,20,246,7872.0,32.0,1.6,"Trinity Biotech, Plc",Yes,86,3133.86,11.04
48821,106-HT-T30,FPQ-13797,SCMS-233960,ASN-27422,Haiti,PMO - US,Direct Drop,EXW,Air,3/20/2014,5/1/2014,12-Sep-14,12-Sep-14,17-Sep-14,ARV,Pediatric,CIPLA LIMITED,"Zidovudine 10mg/ml, oral solution, Bottle, 240 ml",Zidovudine,Generic,10mg/ml,Oral solution,240,936,1825.2,1.95,0.01,"Cipla, Goa, India",Yes,Weight Captured Separately,Invoiced Separately,1.88
8646,116-ZA-T01,Pre-PQ Process,SCMS-28830,ASN-2503,South Africa,PMO - US,Direct Drop,DDP,Truck,Pre-PQ Process,Date Not Captured,25-Aug-08,14-Aug-08,14-Aug-08,ARV,Pediatric,S. BUYS WHOLESALER,"Efavirenz 50mg [Stocrin/Sustiva], capsule, 30 Caps",Efavirenz,Stocrin/Sustiva,50mg,Capsule,30,200,572.0,2.86,0.1,"MSD Midrand, J'burg, SA",No,Weight Captured Separately,Freight Included in Commodity Cost,0.92
86288,114-UG-T30,FPQ-4275,SO-35690,DN-1754,Uganda,PMO - US,From RDC,N/A - From RDC,Truck,9/17/2009,N/A - From RDC,1-Apr-10,25-Mar-10,25-Mar-10,ARV,Adult,SCMS from RDC,"Lamivudine/Nevirapine/Zidovudine 150/200/300mg, tablets, 60 Tabs",Lamivudine/Nevirapine/Zidovudine,Generic,150/300/200mg,Tablet - FDC,60,3354,37631.88,11.22,0.19,"Aurobindo Unit III, India",Yes,393,1694,73.76
1531,100-KZ-T01,Pre-PQ Process,SCMS-14770,ASN-1061,Kazakhstan,PMO - US,Direct Drop,DDP,Air,Pre-PQ Process,11/30/2007,27-Dec-07,27-Dec-07,27-Dec-07,HRDT,HIV test,Orasure Technologies Inc.,"HIV 1/2, OraQuick Advance HIV Rapid Antibody Kit, 100 Tests","HIV 1/2, OraQuick Advance HIV Rapid Antibody Kit",OraQuick,,Test kit,100,50,17500.0,350.0,3.5,"Pacific Biotech, Thailand",Yes,Weight Captured Separately,Freight Included in Commodity Cost,28.0
66500,116-ZA-T30,FPQ-15269,SCMS-267020,ASN-29764,South Africa,PMO - US,Direct Drop,DDP,Truck,10/29/2014,12/10/2014,10-Dec-14,10-Dec-14,10-Dec-14,ARV,Adult,S. BUYS WHOLESALER,"Stavudine 30mg, capsules, 60 Caps",Stavudine,Generic,30mg,Capsule,60,329,1159.91,3.53,0.06,"Aurobindo Unit III, India",No,Weight Captured Separately,Freight Included in Commodity Cost,1.37
26410,119-NA-T30,FPQ-4186,SCMS-53270,ASN-5204,Namibia,PMO - US,Direct Drop,EXW,Air,9/3/2009,9/11/2009,27-Oct-09,27-Oct-09,27-Oct-09,HRDT,HIV test,"Trinity Biotech, Plc","HIV 1/2, Uni-Gold HIV Kit, 20 Tests","HIV 1/2, Uni-Gold HIV Kit",Uni-Gold,,Test kit,20,1000,32000.0,32.0,1.6,"Trinity Biotech, Plc",Yes,345,8858.67,62.72
85534,109-TZ-T30,FPQ-13566,SO-47655,DN-3964,Tanzania,PMO - US,From RDC,N/A - From RDC,Truck,1/15/2014,N/A - From RDC,28-Nov-14,19-Nov-14,20-Nov-14,ARV,Pediatric,SCMS from RDC,"Lamivudine/Zidovudine 30/60mg, dispersible tablets, 60 Tabs",Lamivudine/Zidovudine,Generic,30/60mg,Chewable/dispersible tablet - FDC,60,34374,73904.1,2.15,0.04,"Cipla, Goa, India",Yes,2346,1462.81,75.97
83225,113-ZW-T30,FPQ-12950,SO-46620,DN-3588,Zimbabwe,PMO - US,From RDC,N/A - From RDC,Truck,9/10/2013,N/A - From RDC,6-May-14,21-Mar-14,17-Apr-14,ARV,Adult,SCMS from RDC,"Efavirenz/Lamivudine/Tenofovir Disoproxil Fumarate 600/300/300mg, tablets, 30 Tabs",Efavirenz/Lamivudine/Tenofovir Disoproxil Fumarate,Generic,600/300/300mg,Tablet - FDC,30,8977,100093.55,11.15,0.37,"Aurobindo Unit VII, IN",Yes,65471,64802.96,123.82
85467,110-ZM-T30,FPQ-13574,SO-47791,DN-3657,Zambia,PMO - US,From RDC,N/A - From RDC,Air,1/16/2014,N/A - From RDC,8-Apr-14,18-Apr-14,22-May-14,ARV,Pediatric,SCMS from RDC,"Nevirapine 10mg/ml, oral suspension w/syringe, Bottle, 100 ml",Nevirapine,Generic,10mg/ml,Oral suspension,100,2000,2600.0,1.3,0.01,"Aurobindo Unit III, India",No,See DN-3657 (ID#:82670),See DN-3657 (ID#:82670),2.67
14578,106-HT-T30,FPQ-11442,SCMS-177180,ASN-18919,Haiti,PMO - US,Direct Drop,EXW,Ocean,1/30/2013,3/11/2013,7-Aug-13,7-Aug-13,7-Aug-13,ARV,Pediatric,Aurobindo Pharma Limited,"Efavirenz 200mg, capsule, 90 Caps",Efavirenz,Generic,200mg,Capsule,90,3680,20240.0,5.5,0.06,"Aurobindo Unit III, India",Yes,6385,8768.76,25.04
3159,117-ET-T01,Pre-PQ Process,SCMS-22810,ASN-2096,Ethiopia,PMO - US,Direct Drop,DDP,Air,Pre-PQ Process,4/28/2008,1-Jul-08,1-Jul-08,1-Jul-08,HRDT,HIV test,SETEMA LIMITED PLC,"HIV 1/2, Stat-Pak HIV, Kit, 20 Tests","HIV 1/2, Stat-Pak HIV, Kit",Stat-Pak,,Test kit,20,81,3798.09,46.89,2.34,Chembio Diagnostics Sys. Inc.,Yes,Weight Captured Separately,Freight Included in Commodity Cost,6.08
5860,113-ZW-T01,Pre-PQ Process,SCMS-25300,ASN-2997,Zimbabwe,PMO - US,Direct Drop,EXW,Air,Pre-PQ Process,6/12/2008,22-Jan-09,22-Jan-09,22-Jan-09,HRDT,HIV test,"Orgenics, Ltd","HIV 1/2, Determine HIV Kit, without Lancets, 100 Tests","HIV 1/2, Determine HIV Kit, without Lancets",Determine,,Test kit,100,1396,100498.04,71.99,0.72,Inverness Japan,Yes,414,5781.14,196.98
11367,107-RW-T01,Pre-PQ Process,SO-308,DN-25,Rwanda,PMO - US,From RDC,N/A - From RDC,Air,Pre-PQ Process,N/A - From RDC,17-Mar-07,17-Mar-07,17-Mar-07,ARV,Adult,SCMS from RDC,"Tenofovir Disoproxil Fumarate 300mg [Viread], tablets, 30 Tabs",Tenofovir Disoproxil Fumarate,Viread,300mg,Tablet,30,4000,68000.0,17.0,0.57,Gilead(Nycomed) Oranienburg DE,Yes,256,12205.4,
12926,117-ET-T01,Pre-PQ Process,SO-34350,DN-1502,Ethiopia,PMO - US,From RDC,N/A - From RDC,Air,Date Not Captured,N/A - From RDC,27-Oct-09,27-Oct-09,27-Oct-09,ARV,Adult,SCMS from RDC,"Nevirapine 200mg, tablets, 60 Tabs",Nevirapine,Generic,200mg,Tablet,60,12873,37331.7,2.9,0.05,"Aurobindo Unit III, India",Yes,1258,6027.68,80.49
85861,102-CD-T30,FPQ-9640,SO-41860,DN-2678,"Congo, DRC",PMO - US,From RDC,N/A - From RDC,Air,4/2/2012,N/A - From RDC,3-Sep-12,3-Sep-12,3-Sep-12,ARV,Adult,SCMS from RDC,"Efavirenz 600mg, tablets, 30 Tabs",Efavirenz,Generic,600mg,Tablet,30,200,824.0,4.12,0.14,"Strides, Bangalore, India.",No,See DN-2678 (ID#:83040),See DN-2678 (ID#:83040),1.16
30388,106-HT-T30,FPQ-11442,SCMS-177110,ASN-19116,Haiti,PMO - US,Direct Drop,FCA,Air,1/30/2013,2/11/2013,3-May-13,3-May-13,3-May-13,ARV,Adult,ABBVIE LOGISTICS (FORMERLY ABBOTT LOGISTICS BV),"Ritonavir 100mg [Norvir], film coated tablets, 60 Tabs",Ritonavir,Norvir,100mg,Tablet,60,240,1644.0,6.85,0.11,ABBVIE Ludwigshafen Germany,Yes,30,877.61,2.03
86267,114-UG-T30,FPQ-4497,SO-35850,DN-1649,Uganda,PMO - US,From RDC,N/A - From RDC,Air,10/28/2009,N/A - From RDC,20-May-10,23-Dec-09,23-Dec-09,ARV,Adult,SCMS from RDC,"Zidovudine 300mg, tablets, 60 Tabs",Zidovudine,Generic,300mg,Tablet,60,6,45.18,7.53,0.13,"Aurobindo Unit III, India",Yes,Weight Captured Separately,Invoiced Separately,0.1
12567,111-MZ-T01,Pre-PQ Process,SO-27870,DN-1195,Mozambique,PMO - US,From RDC,N/A - From RDC,Air,Pre-PQ Process,N/A - From RDC,16-Jun-09,16-Jun-09,16-Jun-09,ARV,Adult,SCMS from RDC,"Lamivudine/Nevirapine/Zidovudine 150/200/300mg, tablets, 60 Tabs",Lamivudine/Nevirapine/Zidovudine,Generic,150/300/200mg,Tablet - FDC,60,26292,310245.6,11.8,0.2,Mylan (formerly Matrix) Nashik,Yes,3218,15990.35,608.08
83250,104-CI-T30,FPQ-13142,SO-47133,DN-3761,Côte d'Ivoire,PMO - US,From RDC,N/A - From RDC,Truck,10/22/2013,N/A - From RDC,16-Jun-14,16-Jun-14,10-Jul-14,ARV,Pediatric,SCMS from RDC,"Lamivudine 10mg/ml, oral solution w/syringe, Bottle, 240 ml",Lamivudine,Generic,10mg/ml,Oral solution,240,4243,6067.49,1.43,0.01,"Aurobindo Unit III, India",Yes,1485,6819.73,6.24
84394,101-CD-T30,FPQ-14252,SO-48860,DN-3836,"Congo, DRC",PMO - US,From RDC,N/A - From RDC,Air,5/7/2014,N/A - From RDC,24-Sep-14,28-Oct-14,4-Dec-14,ARV,Adult,SCMS from RDC,"Nevirapine 200mg, tablets, 60 Tabs",Nevirapine,Generic,200mg,Tablet,60,2725,5940.5,2.18,0.04,Hetero Unit III Hyderabad IN,No,See DN-3836 (ID#:83825),See DN-3836 (ID#:83825),6.11
81396,107-RW-T30,FPQ-14813,SCMS-261783,ASN-33614,Rwanda,PMO - US,Direct Drop,EXW,Air,10/9/2014,12/15/2014,27-Aug-15,27-Aug-15,27-Aug-15,ARV,Adult,EMCURE PHARMACEUTICALS LTD,"Atazanavir/Ritonavir 300/100mg, tablets, 30 Tabs",Atazanavir/Ritonavir,Generic,300/100mg,Tablet,30,24666,443988.0,18.0,0.6,"Emcure Plot No.P-2, I.T-B.T. Park, Phase II, MIDC, Hinjwadi, Pune, India",No,See ASN-33614 (ID#:36005),See ASN-33614 (ID#:36005),456.42
82360,200-DO-T30,FPQ-6616,SO-38020,DN-2065,Dominican Republic,PMO - US,From RDC,N/A - From RDC,Air,10/25/2010,N/A - From RDC,31-Jan-11,8-Dec-10,8-Dec-10,ARV,Adult,SCMS from RDC,"Lamivudine 150mg, tablets, 60 Tabs",Lamivudine,Generic,150mg,Tablet,60,649,1512.17,2.33,0.04,Hetero Unit III Hyderabad IN,Yes,1787,18046.12,2.5
69667,116-ZA-T30,FPQ-13035,SCMS-215370,ASN-24415,South Africa,PMO - US,Direct Drop,DDP,Truck,10/8/2013,12/2/2013,6-Feb-14,6-Feb-14,6-Feb-14,ARV,Adult,S. BUYS WHOLESALER,"Tenofovir Disoproxil Fumarate 300mg, tablets, 30 Tabs",Tenofovir Disoproxil Fumarate,Generic,300mg,Tablet,30,141,2682.45,19.02,0.63,"Aurobindo Unit III, India",No,Weight Captured Separately,Freight Included in Commodity Cost,3.32
82285,111-MZ-T30,FPQ-4473,SO-26422,DN-1608,Mozambique,PMO - US,From RDC,N/A - From RDC,Truck,2/26/2009,N/A - From RDC,31-Mar-10,24-Mar-10,24-Mar-10,ARV,Adult,SCMS from RDC,"Tenofovir Disoproxil Fumarate 300mg, tablets, 30 Tabs",Tenofovir Disoproxil Fumarate,Generic,300mg,Tablet,30,3040,25931.2,8.53,0.28,Mylan (formerly Matrix) Nashik,Yes,163,1236.13,50.83
11527,100-ZW-T01,Pre-PQ Process,SO-711,DN-604,Zimbabwe,PMO - US,From RDC,N/A - From RDC,Air,Pre-PQ Process,N/A - From RDC,5-Mar-08,5-Mar-08,5-Mar-08,ARV,Adult,SCMS from RDC,"Lamivudine/Nevirapine/Stavudine 150/200/30mg, tablets, 60 Tabs",Lamivudine/Nevirapine/Stavudine,Generic,150/200/30mg,Tablet - FDC,60,2508,18559.2,7.4,0.12,"Cipla, Goa, India",Yes,4303,12894.85,29.69
1801,116-ZA-T01,Pre-PQ Process,SCMS-23500,ASN-2293,South Africa,PMO - US,Direct Drop,DDP,Truck,Pre-PQ Process,Date Not Captured,20-Aug-08,8-May-08,8-May-08,ARV,Adult,S. BUYS WHOLESALER,"Lopinavir/Ritonavir 133.3/33.3mg [Kaletra], capsules, cool, 2 x 90 Caps",Lopinavir/Ritonavir,Kaletra,133.3/33.3mg,Capsule,180,670,24783.3,36.99,0.21,ABBVIE (Abbott) Logis. UK,No,Weight Captured Separately,Freight Included in Commodity Cost,39.65
51608,103-CM-T30,FPQ-16474,SCMS-291900,ASN-33189,Cameroon,PMO - US,Direct Drop,EXW,Air,6/9/2015,6/25/2015,23-Jul-15,23-Jul-15,27-Jul-15,HRDT,HIV test,Orasure Technologies Inc.,"HIV 1/2, OraQuick Advance HIV Rapid Antibody Kit, 100 Tests","HIV 1/2, OraQuick Advance HIV Rapid Antibody Kit",OraQuick,,Test kit,100,25,8750.0,350.0,3.5,"Pacific Biotech, Thailand",Yes,Weight Captured Separately,Invoiced Separately,10.3
57447,108-VN-T30,FPQ-13034,SCMS-210050,ASN-25327,Vietnam,PMO - US,Direct Drop,EXW,Air,10/4/2013,10/7/2013,15-May-14,15-May-14,14-May-14,ARV,Adult,MYLAN LABORATORIES LTD (FORMERLY MATRIX LABORATORIES),"Lamivudine/Nevirapine/Zidovudine 150/200/300mg, tablets, 60 Tabs",Lamivudine/Nevirapine/Zidovudine,Generic,150/300/200mg,Tablet - FDC,60,4980,40338.0,8.1,0.13,Mylan (formerly Matrix) Nashik,Yes,695,1377.02,49.9
53775,110-ZM-T30,FPQ-8315,SCMS-120570,ASN-13031,Zambia,PMO - US,Direct Drop,EXW,Air,8/31/2011,9/22/2011,20-Dec-11,20-Dec-11,20-Dec-11,HRDT,HIV test,"Orgenics, Ltd","HIV 1/2, Determine Complete HIV Kit, 100 Tests","HIV 1/2, Determine Complete HIV Kit",Determine,,Test kit,100,2884,230720.0,80.0,0.8,"Alere Medical Co., Ltd.",Yes,1374,25052.44,380.69
86304,104-CI-T30,FPQ-4659,SO-35560,DN-1799,Côte d'Ivoire,PMO - US,From RDC,N/A - From RDC,Air,12/8/2009,N/A - From RDC,10-May-10,7-May-10,7-May-10,ARV,Adult,SCMS from RDC,"Lamivudine/Zidovudine 150/300mg, tablets, 60 Tabs",Lamivudine/Zidovudine,Generic,150/300mg,Tablet - FDC,60,45024,384955.2,8.55,0.14,Mylan (formerly Matrix) Nashik,No,See DN-1799 (ID#:84560),See DN-1799 (ID#:84560),829.96
54208,108-VN-T30,FPQ-9001,SCMS-131720,ASN-15177,Vietnam,PMO - US,Direct Drop,FCA,Air,12/15/2011,1/13/2012,20-Jun-12,20-Jun-12,20-Jun-12,ARV,Pediatric,LAWRENCE LABORATORIES (SUBSIDIARY OF BRISTOL MYERS SQUIBB),"Didanosine 25mg [Videx], chewable tablets, 60 Tabs",Didanosine,Videx,25mg,Chewable/dispersible tablet,60,300,2100.0,7.0,0.12,Bristol-Myers Squibb Anagni IT,Yes,81,541.75,2.94
84837,151-NG-T30,FPQ-11771,SO-44757,DN-3251,Nigeria,PMO - US,From RDC,N/A - From RDC,Air Charter,2/28/2013,N/A - From RDC,21-Aug-13,30-Jul-13,30-Jul-13,ARV,Adult,SCMS from RDC,"Lopinavir/Ritonavir 200/50mg, tablets, 120 Tabs",Lopinavir/Ritonavir,Generic,200/50mg,Tablet,120,43169,906549.0,21.0,0.18,"Aurobindo Unit III, India",No,Weight Captured Separately,Freight Included in Commodity Cost,1121.4
85857,114-UG-T30,FPQ-9356,SO-41610,DN-2654,Uganda,PMO - US,From RDC,N/A - From RDC,Truck,2/20/2012,N/A - From RDC,29-Jun-12,22-May-12,22-May-12,ARV,Adult,SCMS from RDC,"Lopinavir/Ritonavir 200/50mg [Aluvia], tablets, 120 Tabs",Lopinavir/Ritonavir,Aluvia,200/50mg,Tablet,120,917,28261.94,30.82,0.26,ABBVIE Ludwigshafen Germany,No,See DN-2654 (ID#:82473),See DN-2654 (ID#:82473),39.62
11454,117-ET-T01,Pre-PQ Process,SO-914,DN-332,Ethiopia,PMO - US,From RDC,N/A - From RDC,,Pre-PQ Process,N/A - From RDC,4-Sep-07,4-Sep-07,4-Sep-07,ARV,Adult,SCMS from RDC,"Lamivudine 150mg, tablets, 60 Tabs",Lamivudine,Generic,150mg,Tablet,60,15960,48518.4,3.04,0.05,"Aurobindo Unit III, India",No,See DN-332 (ID#:10613),See DN-332 (ID#:10613),77.63
66374,161-ZA-T30,FPQ-5648,SCMS-75540,ASN-7991,South Africa,PMO - US,Direct Drop,DDP,Ocean,6/2/2010,6/17/2010,22-Oct-10,22-Oct-10,22-Oct-10,ARV,Adult,STRIDES ARCOLAB LIMITED,"Nevirapine 200mg, tablets, 60 Tabs",Nevirapine,Generic,200mg,Tablet,60,116000,327120.0,2.82,0.05,"Strides, Bangalore, India.",Yes,7193,8559.24,705.27
41298,111-MZ-T30,FPQ-15276,SCMS-263010,ASN-31456,Mozambique,PMO - US,Direct Drop,FCA,Air,10/28/2014,11/7/2014,6-May-15,6-May-15,11-Jun-15,ARV,Adult,ABBVIE LOGISTICS (FORMERLY ABBOTT LOGISTICS BV),"Ritonavir 100mg [Norvir], film coated tablets, 60 Tabs",Ritonavir,Norvir,100mg,Tablet,60,120,822.0,6.85,0.11,ABBVIE Ludwigshafen Germany,Yes,Weight Captured Separately,Invoiced Separately,0.97
36453,102-SD-T30,FPQ-6991,SCMS-100480,ASN-11003,Sudan,PMO - US,Direct Drop,EXW,Air,2/5/2011,3/2/2011,27-Jun-11,27-Jun-11,27-Jun-11,HRDT,HIV test,"Orgenics, Ltd","HIV 1/2, Determine Complete HIV Kit, 100 Tests","HIV 1/2, Determine Complete HIV Kit",Determine,,Test kit,100,213,18957.0,89.0,0.89,Inverness Japan,Yes,97,2542.17,31.28
68878,117-ET-T30,FPQ-6608,SCMS-92090,ASN-9248,Ethiopia,PMO - US,Direct Drop,EXW,Air,11/9/2010,11/24/2010,5-Jan-11,5-Jan-11,5-Jan-11,HRDT,HIV test,"CHEMBIO DIAGNOSTIC SYSTEMS, INC.","HIV 1/2, Stat-Pak HIV, Kit, 20 Tests","HIV 1/2, Stat-Pak HIV, Kit",Stat-Pak,,Test kit,20,545,16895.0,31.0,1.55,Chembio Diagnostics Sys. Inc.,Yes,204,1219.85,27.88
85674,106-HT-T30,FPQ-4384,SO-34640,DN-1842,Haiti,PMO - US,From RDC,N/A - From RDC,Air,10/23/2009,N/A - From RDC,2-Jun-10,9-Jun-10,9-Jun-10,ARV,Pediatric,SCMS from RDC,"Abacavir 20mg/ml, oral solution, Bottle, 240 ml",Abacavir,Generic,20mg/ml,Oral solution,240,256,3481.6,13.6,0.06,"Aurobindo Unit III, India",No,See DN-1842 (ID#:84007),See DN-1842 (ID#:84007),7.51
83592,114-UG-T30,FPQ-9875,SO-42070,DN-2676,Uganda,PMO - US,From RDC,N/A - From RDC,Truck,5/9/2012,N/A - From RDC,4-Jul-12,8-Jun-12,8-Jun-12,ARV,Adult,SCMS from RDC,"Nevirapine 200mg, tablets, 60 Tabs",Nevirapine,Generic,200mg,Tablet,60,8333,20332.52,2.44,0.04,"Strides, Bangalore, India.",Yes,479,4358.72,28.51
84372,102-BI-T30,FPQ-12602,SO-46023,DN-3739,Burundi,PMO - US,From RDC,N/A - From RDC,Air,7/9/2013,N/A - From RDC,16-Jun-14,4-Jun-14,9-Jul-14,ARV,Adult,SCMS from RDC,"Lopinavir/Ritonavir 200/50mg, tablets, 120 Tabs",Lopinavir/Ritonavir,Generic,200/50mg,Tablet,120,112,2207.52,19.71,0.16,Mylan (formerly Matrix) Nashik,No,See DN-3739 (ID#:83804),See DN-3739 (ID#:83804),2.73
82876,114-UG-T30,FPQ-5238,SO-36100,DN-1760,Uganda,PMO - US,From RDC,N/A - From RDC,Air,3/2/2010,N/A - From RDC,26-May-10,8-Apr-10,8-Apr-10,ARV,Adult,SCMS from RDC,"Lamivudine/Stavudine 150/30mg, tablets, 60 Tabs",Lamivudine/Stavudine,Generic,150/30mg,Tablet - FDC,60,75,255.0,3.4,0.06,"Cipla, Goa, India",Yes,10,1865.86,0.55
71917,107-RW-T30,FPQ-12518,SCMS-198222,ASN-24719,Rwanda,PMO - US,Direct Drop,EXW,Air,6/21/2013,8/12/2013,27-Mar-14,27-Mar-14,8-May-14,HRDT,HIV test,"SHANGHAI KEHUA BIOENGINEERING CO.,LTD.  (KHB)","HIV 1/2, SKB Colloidal Gold, Diagnostic Kit, Antibody, 50 Tests","HIV 1/2, Colloidal Gold, Diagnostic Kit, Antibody",Colloidal Gold,,Test kit,1,2988,73206.0,24.5,24.5,"KHB Test Kit Facility, Shanghai China",Yes,1992,26266.34,90.56
10626,112-NG-T01,Pre-PQ Process,SO-565,DN-373,Nigeria,PMO - US,From RDC,N/A - From RDC,Air,Pre-PQ Process,N/A - From RDC,20-Sep-07,20-Sep-07,20-Sep-07,ARV,Pediatric,SCMS from RDC,"Zidovudine 10mg/ml, oral solution, Bottle, 240 ml",Zidovudine,Generic,10mg/ml,Oral solution,240,1653,6529.35,3.95,0.02,"Aurobindo Unit III, India",No,See DN-373 (ID#:10623),See DN-373 (ID#:10623),10.45
86308,117-ET-T30,FPQ-5581,SO-36690,DN-1857,Ethiopia,PMO - US,From RDC,N/A - From RDC,Air,4/28/2010,N/A - From RDC,21-Jun-10,1-Jun-10,1-Jun-10,ARV,Adult,SCMS from RDC,"Lamivudine 150mg, tablets, 60 Tabs",Lamivudine,Generic,150mg,Tablet,60,1481,3613.64,2.44,0.04,Mylan (formerly Matrix) Nashik,No,See DN-1857 (ID#:82892),See DN-1857 (ID#:82892),7.79
86417,110-ZM-T30,FPQ-8383,SO-40741,DN-2400,Zambia,PMO - US,From RDC,N/A - From RDC,Truck,9/11/2011,N/A - From RDC,19-Jan-12,4-Nov-11,4-Nov-11,ARV,Adult,SCMS from RDC,"Emtricitabine/Tenofovir Disoproxil Fumarate 200/300mg, tablets, 30 Tabs",Emtricitabine/Tenofovir Disoproxil Fumarate,Generic,200/300mg,Tablet - FDC,30,10015,89834.55,8.97,0.3,Mylan (formerly Matrix) Nashik,Yes,819,2882.6,148.23
11888,106-HT-T01,Pre-PQ Process,SO-1287,DN-640,Haiti,PMO - US,From RDC,N/A - From RDC,Air,Pre-PQ Process,N/A - From RDC,4-Mar-08,4-Mar-08,4-Mar-08,ARV,Adult,SCMS from RDC,"Lamivudine 150mg, tablets, 60 Tabs",Lamivudine,Generic,150mg,Tablet,60,2871,8727.84,3.04,0.05,"Aurobindo Unit III, India",Yes,144,2504.44,13.96
82955,111-MZ-T30,FPQ-7053,SO-39400,DN-2240,Mozambique,PMO - US,From RDC,N/A - From RDC,Truck,1/24/2011,N/A - From RDC,10-Aug-11,4-Aug-11,4-Aug-11,ARV,Adult,SCMS from RDC,"Nevirapine 200mg, tablets, 60 Tabs",Nevirapine,Generic,200mg,Tablet,60,2800,7224.0,2.58,0.04,Hetero Unit III Hyderabad IN,Yes,161,5491.01,11.92
11277,104-CI-T01,Pre-PQ Process,SO-11851,DN-1007,Côte d'Ivoire,PMO - US,From RDC,N/A - From RDC,Air,Pre-PQ Process,N/A - From RDC,21-Nov-08,21-Nov-08,21-Nov-08,ARV,Adult,SCMS from RDC,"Efavirenz 600mg, tablets, 30 Tabs",Efavirenz,Generic,600mg,Tablet,30,2410,28245.2,11.72,0.39,Mylan (formerly Matrix) Nashik,Yes,182,1409.26,55.36
83700,114-UG-T30,FPQ-11133,SO-43910,DN-3237,Uganda,PMO - US,From RDC,N/A - From RDC,Truck,12/13/2012,N/A - From RDC,31-Jul-13,26-Aug-13,26-Aug-13,ARV,Adult,SCMS from RDC,"Lamivudine/Nevirapine/Zidovudine 150/200/300mg, tablets, 60 Tabs",Lamivudine/Nevirapine/Zidovudine,Generic,150/300/200mg,Tablet - FDC,60,15117,124866.42,8.26,0.14,"Strides, Bangalore, India.",Yes,8057,10734.13,154.46
66000,107-RW-T30,FPQ-14113,SCMS-238800,ASN-26864,Rwanda,PMO - US,Direct Drop,FCA,Air,4/18/2014,6/2/2014,16-Jul-14,16-Jul-14,22-Jul-14,ARV,Pediatric,ABBVIE LOGISTICS (FORMERLY ABBOTT LOGISTICS BV),"Lopinavir/Ritonavir 80/20mg/ml [Kaletra], oral solution, cool, Bottle 5 x 60 ml",Lopinavir/Ritonavir,Kaletra,80/20mg/ml,Oral solution,300,316,9739.12,30.82,0.1,ABBVIE (Abbott) Logis. UK,Yes,415,4399.65,10.01
2478,102-GY-T01,Pre-PQ Process,SCMS-42320,ASN-4291,Guyana,PMO - US,Direct Drop,EXW,Air,Pre-PQ Process,3/30/2009,1-Jul-09,1-Jul-09,1-Jul-09,HRDT,HIV test,"Orgenics, Ltd","HIV 1/2, Determine Complete HIV Kit, 100 Tests","HIV 1/2, Determine Complete HIV Kit",Determine,,Test kit,100,276,24840.0,90.0,0.9,Inverness Japan,Yes,87,1205.7,48.69
66891,901-CM-T30,FPQ-12837,SCMS-204301,ASN-22787,Cameroon,PMO - US,Direct Drop,EXW,Air,8/19/2013,9/11/2013,4-Dec-13,4-Dec-13,4-Dec-13,ARV,Adult,Aurobindo Pharma Limited,"Zidovudine 300mg, tablets, 60 Tabs",Zidovudine,Generic,300mg,Tablet,60,18180,98717.4,5.43,0.09,"Aurobindo Unit III, India",Yes,1007,11067.86,122.11
86236,154-NG-T30,FPQ-3815,SO-32271,DN-1312,Nigeria,PMO - US,From RDC,N/A - From RDC,Air,5/26/2009,N/A - From RDC,30-Jul-09,9-Jul-09,9-Jul-09,ARV,Pediatric,SCMS from RDC,"Lamivudine/Nevirapine/Stavudine 30/50/6mg, dispersible tablets, 60 Tabs",Lamivudine/Nevirapine/Stavudine,Generic,30/50/6mg,Chewable/dispersible tablet - FDC,60,46,114.54,2.49,0.04,"Cipla, Goa, India",Yes,2,714.34,0.22
69591,114-UG-T30,FPQ-13655,SCMS-226130,ASN-25990,Uganda,PMO - US,Direct Drop,EXW,Air,2/4/2014,4/10/2014,10-Jun-14,10-Jun-14,7-Jul-14,HRDT,HIV test,BIO-RAD LABORATORIES (FRANCE),"HIV, Multispot HIV-1/HIV-2 Rapid Test Kit, 50 Tests","HIV, Multispot HIV-1/HIV-2 Rapid Test Kit",Multispot,,Test kit,50,80,99402.4,1242.53,24.85,Bio-Rad Laboratories,Yes,Weight Captured Separately,Invoiced Separately,102.19
39263,108-VN-T30,FPQ-6384,SCMS-87780,ASN-9408,Vietnam,PMO - US,Direct Drop,EXW,Air,9/30/2010,10/18/2010,16-Feb-11,16-Feb-11,16-Feb-11,ARV,Adult,HETERO LABS LIMITED,"Nevirapine 200mg, tablets, 60 Tabs",Nevirapine,Generic,200mg,Tablet,60,9023,21925.89,2.43,0.04,Hetero Unit III Hyderabad IN,Yes,5359,18473.57,47.27
83421,151-NG-T30,FPQ-4537,SO-36008,DN-1794,Nigeria,PMO - US,From RDC,N/A - From RDC,Air Charter,11/6/2009,N/A - From RDC,31-May-10,18-May-10,18-May-10,ARV,Adult,SCMS from RDC,"Lamivudine/Nevirapine/Zidovudine 150/200/300mg, tablets, 60 Tabs",Lamivudine/Nevirapine/Zidovudine,Generic,150/300/200mg,Tablet - FDC,60,2160,24235.2,11.22,0.19,Mylan (formerly Matrix) Nashik,Yes,5552,9736.1,52.25
86137,114-UG-T30,FPQ-14396,SO-48960,DN-3936,Uganda,PMO - US,From RDC,N/A - From RDC,Air,6/4/2014,N/A - From RDC,30-Sep-14,1-Oct-14,21-Oct-14,ARV,Adult,SCMS from RDC,"Zidovudine 300mg, tablets, 60 Tabs",Zidovudine,Generic,300mg,Tablet,60,1000,5440.0,5.44,0.09,"Aurobindo Unit III, India",No,See DN-3936 (ID#:85530),See DN-3936 (ID#:85530),5.59
44643,108-VN-T30,FPQ-15692,SCMS-274370,ASN-32258,Vietnam,PMO - US,Direct Drop,EXW,Air,1/28/2015,2/17/2015,13-Jul-15,13-Jul-15,14-Jul-15,ARV,Adult,HETERO LABS LIMITED,"Abacavir 300mg, tablets, 60 Tabs",Abacavir,Generic,300mg,Tablet,60,2000,21900.0,10.95,0.18,Hetero Unit III Hyderabad IN,No,See ASN-32258 (ID#:29880),See ASN-32258 (ID#:29880),25.78
10625,112-NG-T01,Pre-PQ Process,SO-565,DN-373,Nigeria,PMO - US,From RDC,N/A - From RDC,Air,Pre-PQ Process,N/A - From RDC,20-Sep-07,20-Sep-07,20-Sep-07,ARV,Adult,SCMS from RDC,"Lamivudine/Nevirapine/Stavudine 150/200/40mg, tablets, 60 Tabs",Lamivudine/Nevirapine/Stavudine,Generic,150/200/40mg,Tablet - FDC,60,1132,8716.4,7.7,0.13,"Cipla, Goa, India",No,See DN-373 (ID#:10623),See DN-373 (ID#:10623),13.95
1085,116-ZA-T01,Pre-PQ Process,SCMS-41589,ASN-4358,South Africa,PMO - US,Direct Drop,DDP,Air,Pre-PQ Process,3/27/2009,25-Jun-09,29-Apr-09,29-Apr-09,ARV,Adult,S. BUYS WHOLESALER,"Zidovudine 300mg [Retrovir], tablets, 60 Tabs",Zidovudine,Retrovir,300mg,Tablet,60,6000,80640.0,13.44,0.22,GSK Aranda,Yes,Weight Captured Separately,Freight Included in Commodity Cost,158.05
33422,108-VN-T30,FPQ-10811,SCMS-164550,ASN-18970,Vietnam,PMO - US,Direct Drop,EXW,Air,10/15/2012,7/11/2012,15-May-13,15-May-13,15-May-13,ARV,Adult,STRIDES ARCOLAB LIMITED,"Lamivudine/Nevirapine/Zidovudine 150/200/300mg, tablets, 60 Tabs",Lamivudine/Nevirapine/Zidovudine,Generic,150/300/200mg,Tablet - FDC,60,14142,119075.64,8.42,0.14,"Strides, Bangalore, India.",Yes,1741,3821.49,147.3
66100,105-GH-T30,FPQ-14050,SCMS-236710,ASN-27675,Ghana,PMO - US,Direct Drop,EXW,Air,4/12/2014,5/23/2014,9-Oct-14,9-Oct-14,13-Oct-14,ARV,Adult,HETERO LABS LIMITED,"Lamivudine/Tenofovir Disoproxil Fumarate 300/300mg, tablets, 30 Tabs",Lamivudine/Tenofovir Disoproxil Fumarate,Generic,300/300mg,Tablet - FDC,30,45632,210819.84,4.62,0.15,Hetero Unit III Hyderabad IN,Yes,4486,20394.49,216.72
11657,104-CI-T01,Pre-PQ Process,SO-27550,DN-1308,Côte d'Ivoire,PMO - US,From RDC,N/A - From RDC,Air,Date Not Captured,N/A - From RDC,8-Jul-09,8-Jul-09,8-Jul-09,ARV,Pediatric,SCMS from RDC,"Lamivudine 10mg/ml, oral solution, Bottle, 240 ml",Lamivudine,Generic,10mg/ml,Oral solution,240,3500,6650.0,1.9,0.01,"Aurobindo Unit III, India",Yes,1208,4329.01,13.03
5051,116-ZA-T01,Pre-PQ Process,SCMS-41190,ASN-3732,South Africa,PMO - US,Direct Drop,DDP,Air,Pre-PQ Process,Date Not Captured,30-Mar-09,21-Jan-09,21-Jan-09,ARV,Pediatric,S. BUYS WHOLESALER,"Efavirenz 50mg [Stocrin/Sustiva], capsule, 30 Caps",Efavirenz,Stocrin/Sustiva,50mg,Capsule,30,80,188.8,2.36,0.08,"MSD Midrand, J'burg, SA",No,Weight Captured Separately,Freight Included in Commodity Cost,0.37
69908,161-ZA-T30,FPQ-6262,SCMS-83730,ASN-9943,South Africa,PMO - US,Direct Drop,DDP,Ocean,8/31/2010,9/24/2010,26-Apr-11,12-Apr-11,12-Apr-11,ARV,Adult,Aurobindo Pharma Limited,"Efavirenz 600mg, tablets, 30 Tabs",Efavirenz,Generic,600mg,Tablet,30,128467,581955.51,4.53,0.15,"Aurobindo Unit III, India",Yes,11033,11203.81,1254.7
45158,108-VN-T30,FPQ-5317,SCMS-69230,ASN-7571,Vietnam,PMO - US,Direct Drop,FCA,Air,3/22/2010,3/31/2010,31-Jul-10,31-Jul-10,31-Jul-10,ARV,Adult,ABBVIE LOGISTICS (FORMERLY ABBOTT LOGISTICS BV),"Lopinavir/Ritonavir 200/50mg [Aluvia], tablets, 120 Tabs",Lopinavir/Ritonavir,Aluvia,200/50mg,Tablet,120,1010,83022.0,82.2,0.68,ABBVIE Ludwigshafen Germany,Yes,255,8227.99,179.0
12585,123-NG-T01,Pre-PQ Process,SO-22840,DN-1245,Nigeria,PMO - US,From RDC,N/A - From RDC,Air Charter,Pre-PQ Process,N/A - From RDC,16-Jun-09,16-Jun-09,16-Jun-09,ARV,Adult,SCMS from RDC,"Stavudine 30mg, capsules, 60 Caps",Stavudine,Generic,30mg,Capsule,60,12000,17880.0,1.49,0.02,"Aurobindo Unit III, India",Yes,789,7329.83,35.04
15999,109-TZ-T30,FPQ-12540,SCMS-198780,ASN-20860,Tanzania,PMO - US,Direct Drop,EXW,Air,7/3/2013,7/16/2013,24-Sep-13,24-Sep-13,24-Sep-13,ARV,Adult,Aurobindo Pharma Limited,"Lamivudine/Nevirapine/Zidovudine 150/200/300mg, tablets, 60 Tabs",Lamivudine/Nevirapine/Zidovudine,Generic,150/300/200mg,Tablet - FDC,60,36426,296143.38,8.13,0.14,"Aurobindo Unit III, India",Yes,4609,17581.92,366.33
76517,108-VN-T30,FPQ-7565,SCMS-107640,ASN-11611,Vietnam,PMO - US,Direct Drop,EXW,Air,4/21/2011,5/2/2011,24-Aug-11,24-Aug-11,24-Aug-11,ARV,Adult,MYLAN LABORATORIES LTD (FORMERLY MATRIX LABORATORIES),"Lamivudine/Nevirapine/Zidovudine 150/200/300mg, tablets, 60 Tabs",Lamivudine/Nevirapine/Zidovudine,Generic,150/300/200mg,Tablet - FDC,60,42000,461580.0,10.99,0.18,Mylan (formerly Matrix) Nashik,Yes,5941,19632.73,761.61
80473,116-ZA-T30,FPQ-13035,SCMS-215400,ASN-24362,South Africa,PMO - US,Direct Drop,DDP,Truck,10/8/2013,12/2/2013,5-Feb-14,5-Feb-14,5-Feb-14,ARV,Pediatric,S. BUYS WHOLESALER,"Lopinavir/Ritonavir 80/20mg/ml [Kaletra], oral solution, cool, Bottle 5 x 60 ml",Lopinavir/Ritonavir,Kaletra,80/20mg/ml,Oral solution,300,8,185.0,23.12,0.08,ABBVIE (Abbott) Logis. UK,Yes,Weight Captured Separately,Freight Included in Commodity Cost,0.23
84386,102-BI-T30,FPQ-14112,SO-48610,DN-3804,Burundi,PMO - US,From RDC,N/A - From RDC,Air,4/18/2014,N/A - From RDC,31-Jul-14,25-Jul-14,1-Aug-14,ARV,Adult,SCMS from RDC,"Lamivudine/Nevirapine/Zidovudine 150/200/300mg, tablets, 60 Tabs",Lamivudine/Nevirapine/Zidovudine,Generic,150/300/200mg,Tablet - FDC,60,1056,8564.16,8.11,0.14,Hetero Unit III Hyderabad IN,Yes,155,994.25,8.8
12894,123-NG-T01,Pre-PQ Process,SO-24481,DN-1296,Nigeria,PMO - US,From RDC,N/A - From RDC,Air Charter,Pre-PQ Process,N/A - From RDC,16-Jun-09,16-Jun-09,16-Jun-09,ARV,Adult,SCMS from RDC,"Indinavir 400mg [Crixivan], capsules, 180 Caps",Indinavir,Crixivan,400mg,Capsule,180,400,20000.0,50.0,0.28,"MSD, Haarlem, NL",No,See DN-1296 (ID#:10779),See DN-1296 (ID#:10779),39.2
10660,107-RW-T01,Pre-PQ Process,SO-1222,DN-571,Rwanda,PMO - US,From RDC,N/A - From RDC,Air,Pre-PQ Process,N/A - From RDC,28-Jan-08,28-Jan-08,28-Jan-08,HRDT,HIV test - Ancillary,SCMS from RDC,"HIV, Lancet, Safety, for HIV Test kits, 100 Pcs","HIV, Lancet, Safety, for HIV Test kits, 100 Pcs",Generic,,Test kit - Ancillary,100,2093,20.93,0.01,0.0,Inverness Japan,Yes,609,12977.28,0.03
86659,110-ZM-T30,FPQ-12066,SO-45083,DN-3574,Zambia,PMO - US,From RDC,N/A - From RDC,Truck,4/19/2013,N/A - From RDC,21-Mar-14,25-Mar-14,4-Apr-14,ARV,Adult,SCMS from RDC,"Efavirenz/Emtricitabine/Tenofovir Disoproxil Fumarate 600/200/300mg, tablets, 30 Tabs",Efavirenz/Emtricitabine/Tenofovir Disoproxil Fumarate,Generic,600/200/300mg,Tablet - FDC,30,3866,45966.74,11.89,0.4,"Hetero, Jadcherla, unit 5, IN",Yes,638,3526.7,56.86
84534,106-HT-T30,FPQ-4384,SO-35930,DN-1668,Haiti,PMO - US,From RDC,N/A - From RDC,Air,10/23/2009,N/A - From RDC,7-Apr-10,3-Mar-10,3-Mar-10,ARV,Adult,SCMS from RDC,"Stavudine 30mg, capsules, 60 Caps",Stavudine,Generic,30mg,Capsule,60,7056,10301.76,1.46,0.02,"Strides, Bangalore, India.",No,See DN-1668 (ID#:83403),See DN-1668 (ID#:83403),22.21
82378,113-ZW-T30,FPQ-6470,SO-39260,DN-2177,Zimbabwe,PMO - US,From RDC,N/A - From RDC,Truck,10/13/2010,N/A - From RDC,31-Mar-11,20-May-11,20-May-11,ARV,Adult,SCMS from RDC,"Lamivudine/Stavudine 150/30mg, tablets, 60 Tabs",Lamivudine/Stavudine,Generic,150/30mg,Tablet - FDC,60,2786,9138.08,3.28,0.05,"Cipla, Goa, India",Yes,213,3403.98,19.7
82705,111-MZ-T30,FPQ-13124,SO-47050,DN-3827,Mozambique,PMO - US,From RDC,N/A - From RDC,Truck,10/21/2013,N/A - From RDC,29-Aug-14,25-Aug-14,28-Aug-14,ARV,Adult,SCMS from RDC,"Lamivudine/Nevirapine/Zidovudine 150/200/300mg, tablets, 60 Tabs",Lamivudine/Nevirapine/Zidovudine,Generic,150/300/200mg,Tablet - FDC,60,210000,1703100.0,8.11,0.14,Hetero Unit III Hyderabad IN,Yes,81836,47171.27,1750.79
84275,114-UG-T30,FPQ-11133,SO-43910,DN-3237,Uganda,PMO - US,From RDC,N/A - From RDC,Truck,12/13/2012,N/A - From RDC,31-Jul-13,26-Aug-13,26-Aug-13,ARV,Adult,SCMS from RDC,"Lamivudine/Nevirapine/Zidovudine 150/200/300mg, tablets, 60 Tabs",Lamivudine/Nevirapine/Zidovudine,Generic,150/300/200mg,Tablet - FDC,60,44017,363580.42,8.26,0.14,Hetero Unit III Hyderabad IN,No,See DN-3237 (ID#:83700),See DN-3237 (ID#:83700),449.75
2499,112-NG-T01,Pre-PQ Process,SCMS-42830,ASN-3984,Nigeria,PMO - US,Direct Drop,FCA,Air,Pre-PQ Process,4/1/2009,20-May-09,20-May-09,20-May-09,ARV,Adult,ABBVIE LOGISTICS (FORMERLY ABBOTT LOGISTICS BV),"Lopinavir/Ritonavir 200/50mg [Aluvia], tablets, 120 Tabs",Lopinavir/Ritonavir,Aluvia,200/50mg,Tablet,120,73,3000.3,41.1,0.34,ABBVIE Ludwigshafen Germany,Yes,69,1332.43,5.88
26965,114-UG-T30,FPQ-14325,SCMS-244370,ASN-29012,Uganda,PMO - US,Direct Drop,FCA,Air,5/26/2014,6/23/2014,8-Nov-14,8-Nov-14,12-Nov-14,ARV,Adult,ABBVIE LOGISTICS (FORMERLY ABBOTT LOGISTICS BV),"Ritonavir 100mg [Norvir], film coated tablets, 60 Tabs",Ritonavir,Norvir,100mg,Tablet,60,579,3966.15,6.85,0.11,ABBVIE Ludwigshafen Germany,Yes,83,800,4.08
75534,107-RW-T30,FPQ-13851,SCMS-239010,ASN-26755,Rwanda,PMO - US,Direct Drop,CIP,Air,3/10/2014,5/16/2014,24-Jul-14,24-Jul-14,25-Jul-14,ARV,Adult,MYLAN LABORATORIES LTD (FORMERLY MATRIX LABORATORIES),"Atazanavir/Ritonavir 300/100mg, tablets, 30 Tabs",Atazanavir/Ritonavir,Generic,300/100mg,Tablet,30,18000,360000.0,20.0,0.67,Mylan (formerly Matrix) Nashik,Yes,2402,1832.54,370.08
2506,123-NG-T01,Pre-PQ Process,SCMS-36892,ASN-4206,Nigeria,PMO - US,Direct Drop,FCA,Air,Pre-PQ Process,4/7/2009,14-Jul-09,14-Jul-09,14-Jul-09,ARV,Adult,ABBVIE LOGISTICS (FORMERLY ABBOTT LOGISTICS BV),"Lopinavir/Ritonavir 200/50mg [Aluvia], tablets, 120 Tabs",Lopinavir/Ritonavir,Aluvia,200/50mg,Tablet,120,2040,83844.0,41.1,0.34,ABBVIE Ludwigshafen Germany,Yes,309,3777.93,164.33
8461,108-VN-T01,Pre-PQ Process,SCMS-23440,ASN-2335,Vietnam,PMO - US,Direct Drop,EXW,Air,Pre-PQ Process,5/13/2008,20-Sep-08,20-Sep-08,20-Sep-08,ARV,Adult,MYLAN LABORATORIES LTD (FORMERLY MATRIX LABORATORIES),"Zidovudine 300mg, tablets, 60 Tabs",Zidovudine,Generic,300mg,Tablet,60,432,3240.0,7.5,0.12,Mylan (formerly Matrix) Nashik,No,See ASN-2335 (ID#:5796),See ASN-2335 (ID#:5796),5.18
82862,104-CI-T30,FPQ-4378,SO-34451,DN-1670,Côte d'Ivoire,PMO - US,From RDC,N/A - From RDC,Air,10/15/2009,N/A - From RDC,16-Mar-10,10-Mar-10,10-Mar-10,ARV,Pediatric,SCMS from RDC,"Didanosine 200mg, chewable/dispersible tablets, 60 Tabs",Didanosine,Generic,200mg,Chewable/dispersible tablet,60,1485,23017.5,15.5,0.26,"Aurobindo Unit III, India",Yes,914,4519.97,45.11
86729,111-MZ-T30,FPQ-13575,SO-47700,DN-3939,Mozambique,PMO - US,From RDC,N/A - From RDC,Truck,1/17/2014,N/A - From RDC,31-Oct-14,30-Oct-14,13-Nov-14,ARV,Adult,SCMS from RDC,"Lamivudine/Nevirapine/Zidovudine 150/200/300mg, tablets, 60 Tabs",Lamivudine/Nevirapine/Zidovudine,Generic,150/300/200mg,Tablet - FDC,60,110000,908600.0,8.26,0.14,"Aurobindo Unit III, India",No,See DN-3939 (ID#:82732),See DN-3939 (ID#:82732),934.04
82925,151-NG-T30,FPQ-5688,SO-37920,DN-2047,Nigeria,PMO - US,From RDC,N/A - From RDC,Air Charter,5/27/2010,N/A - From RDC,18-Nov-10,9-Nov-10,9-Nov-10,ARV,Adult,SCMS from RDC,"Nevirapine 200mg, tablets, 60 Tabs",Nevirapine,Generic,200mg,Tablet,60,87071,224643.18,2.58,0.04,Hetero Unit III Hyderabad IN,Yes,6291,20265,484.33
84894,104-CI-T30,FPQ-12144,SO-45631,DN-3547,Côte d'Ivoire,PMO - US,From RDC,N/A - From RDC,Truck,4/22/2013,N/A - From RDC,28-Feb-14,18-Jan-14,4-Mar-14,ARV,Pediatric,SCMS from RDC,"Abacavir/Lamivudine 60/30mg, tablets, 60 Tabs",Abacavir/Lamivudine,Generic,60/30mg,Tablet - FDC,60,1915,7660.0,4.0,0.07,"Aurobindo Unit III, India",No,See DN-3547 (ID#:83763),See DN-3547 (ID#:83763),9.48
11900,102-KE-T01,Pre-PQ Process,SO-1599,DN-706,Kenya,PMO - US,From RDC,N/A - From RDC,Truck,Pre-PQ Process,N/A - From RDC,8-Apr-08,8-Apr-08,8-Apr-08,HRDT,HIV test,SCMS from RDC,"HIV 1/2, Bioline 3.0 Kit, Lancets, Capillary pipets, Alcohol swabs included, 25 Tests","HIV 1/2, Bioline 3.0 Kit, Lancets, Capillary pipets, Alcohol swabs included",Bioline,,Test kit,25,2688,53760.0,20.0,0.8,"Standard Diagnostics, Korea",Yes,965,838.83,86.02
73059,116-ZA-T30,FPQ-15269,SCMS-267020,ASN-29764,South Africa,PMO - US,Direct Drop,DDP,Truck,10/29/2014,12/10/2014,10-Dec-14,10-Dec-14,10-Dec-14,ARV,Pediatric,S. BUYS WHOLESALER,"Efavirenz 50mg, capsule, 30 Caps",Efavirenz,Generic,50mg,Capsule,30,172,457.9,2.66,0.09,"Aurobindo Unit III, India",No,Weight Captured Separately,Freight Included in Commodity Cost,0.54
20961,108-VN-T30,FPQ-11560,SCMS-177620,ASN-20368,Vietnam,PMO - US,Direct Drop,EXW,Air,2/7/2013,2/13/2013,1-Aug-13,1-Aug-13,1-Aug-13,ARV,Adult,MYLAN LABORATORIES LTD (FORMERLY MATRIX LABORATORIES),"Efavirenz/Lamivudine/Tenofovir Disoproxil Fumarate 600/300/300mg, tablets, 30 Tabs",Efavirenz/Lamivudine/Tenofovir Disoproxil Fumarate,Generic,600/300/300mg,Tablet - FDC,30,27122,311631.78,11.49,0.38,Mylan (formerly Matrix) Nashik,Yes,2843,9740.27,385.49
86413,105-GY-T30,FPQ-8024,SO-40450,DN-2361,Guyana,PMO - US,From RDC,N/A - From RDC,Air,8/19/2011,N/A - From RDC,15-Dec-11,28-Sep-11,28-Sep-11,ARV,Pediatric,SCMS from RDC,"Zidovudine 100mg, capsules, 100 Caps",Zidovudine,Generic,100mg,Capsule,100,423,2013.48,4.76,0.05,"Aurobindo Unit III, India",No,See DN-2361 (ID#:84673),See DN-2361 (ID#:84673),3.32
24620,104-CI-T30,FPQ-4698,SCMS-64950,ASN-7285,Côte d'Ivoire,PMO - US,Direct Drop,CIP,Air,12/28/2009,2/12/2010,28-Jun-10,28-Jun-10,28-Jun-10,ARV,Pediatric,MERCK SHARP & DOHME IDEA GMBH (FORMALLY MERCK SHARP & DOHME B.V.),"Efavirenz 30mg/ml [Stocrin/Sustiva], oral solution, Bottle, 180 ml",Efavirenz,Stocrin/Sustiva,30mg/ml,Oral solution,180,2737,46419.52,16.96,0.09,"MSD, Haarlem, NL",Yes,805,1659.71,100.08
68846,114-UG-T30,FPQ-3965,SCMS-52630,ASN-5160,Uganda,PMO - US,Direct Drop,EXW,Air,7/30/2009,9/14/2009,26-Oct-09,26-Oct-09,26-Oct-09,ARV,Adult,ASPEN PHARMACARE,"Darunavir 300mg [Prezista], tablets, 120 Tabs",Darunavir,Prezista,300mg,Tablet,120,112,10080.0,90.0,0.75,"Aspen-OSD, Port Elizabeth, SA",Yes,16,1000.94,19.76
84384,104-CI-T30,FPQ-13142,SO-47135,DN-3798,Côte d'Ivoire,PMO - US,From RDC,N/A - From RDC,Truck,10/22/2013,N/A - From RDC,9-Jul-14,9-Jul-14,7-Aug-14,ARV,Adult,SCMS from RDC,"Abacavir/Lamivudine 600/300mg, tablets, 30 Tabs",Abacavir/Lamivudine,Generic,600/300mg,Tablet - FDC,30,71,959.92,13.52,0.45,"Cipla, Patalganga, India",Yes,7,22.29,0.99
3193,116-ZA-T01,Pre-PQ Process,SCMS-23500,ASN-2293,South Africa,PMO - US,Direct Drop,DDP,Truck,Pre-PQ Process,Date Not Captured,20-Aug-08,8-May-08,8-May-08,ARV,Adult,S. BUYS WHOLESALER,"Stavudine 30mg [Zerit], capsules, 60 Caps",Stavudine,Zerit,30mg,Capsule,60,1350,6979.5,5.17,0.09,"BMS Meymac, France",No,Weight Captured Separately,Freight Included in Commodity Cost,11.17
85939,104-CI-T30,FPQ-10626,SO-43300,DN-3021,Côte d'Ivoire,PMO - US,From RDC,N/A - From RDC,Truck,9/6/2012,N/A - From RDC,28-Mar-13,28-Feb-13,28-Feb-13,ARV,Adult,SCMS from RDC,"Tenofovir Disoproxil Fumarate 300mg, tablets, 30 Tabs",Tenofovir Disoproxil Fumarate,Generic,300mg,Tablet,30,5800,23432.0,4.04,0.13,Mylan (formerly Matrix) Nashik,No,See DN-3021 (ID#:82544),See DN-3021 (ID#:82544),32.85
83481,110-ZM-T30,FPQ-5702,SO-38000,DN-2099,Zambia,PMO - US,From RDC,N/A - From RDC,Truck,5/20/2010,N/A - From RDC,28-Jan-11,11-Feb-11,11-Feb-11,ARV,Adult,SCMS from RDC,"Efavirenz 600mg, tablets, 30 Tabs",Efavirenz,Generic,600mg,Tablet,30,28271,127784.92,4.52,0.15,"Aurobindo Unit III, India",Yes,2507,9553.01,275.5
69202,101-CD-T30,FPQ-14722,SCMS-253310,ASN-29481,"Congo, DRC",PMO - US,Direct Drop,EXW,Air,8/11/2014,8/27/2014,19-May-15,19-May-15,26-May-15,HRDT,HIV test,"Orgenics, Ltd","HIV 1/2, DoubleCheck Gold Kit, 20 Tests","HIV 1/2, DoubleCheck Gold Kit",DoubleCheck,,Test kit,20,540,19720.8,36.52,1.83,"Alere Medical Co., Ltd.",Yes,Weight Captured Separately,Invoiced Separately,20.27
12864,131-NG-T01,Pre-PQ Process,SO-22800,DN-1123,Nigeria,PMO - US,From RDC,N/A - From RDC,Air Charter,Pre-PQ Process,N/A - From RDC,19-Mar-09,19-Mar-09,19-Mar-09,ARV,Adult,SCMS from RDC,"Efavirenz 600mg, tablets, 30 Tabs",Efavirenz,Generic,600mg,Tablet,30,16000,155520.0,9.72,0.32,"Aurobindo Unit III, India",Yes,1364,Freight Included in Commodity Cost,304.82
85091,113-ZW-T30,FPQ-4688,SO-35410,DN-1660,Zimbabwe,PMO - US,From RDC,N/A - From RDC,Air,12/8/2009,N/A - From RDC,31-Mar-10,12-Mar-10,12-Mar-10,ARV,Adult,SCMS from RDC,"Lamivudine/Nevirapine/Stavudine 150/200/30mg, tablets, 60 Tabs",Lamivudine/Nevirapine/Stavudine,Generic,150/200/30mg,Tablet - FDC,60,35802,218750.22,6.11,0.1,"Cipla, Goa, India",No,See DN-1660 (ID#:82296),See DN-1660 (ID#:82296),471.63
66371,109-TZ-T30,FPQ-12540,SCMS-198780,ASN-20858,Tanzania,PMO - US,Direct Drop,EXW,Air,7/3/2013,7/16/2013,24-Sep-13,24-Sep-13,24-Sep-13,ARV,Adult,Aurobindo Pharma Limited,"Lamivudine/Nevirapine/Zidovudine 150/200/300mg, tablets, 60 Tabs",Lamivudine/Nevirapine/Zidovudine,Generic,150/300/200mg,Tablet - FDC,60,37012,300907.56,8.13,0.14,"Aurobindo Unit III, India",Yes,4699,17907.7,372.22
86211,107-RW-T30,FPQ-16284,SO-51530,DN-4323,Rwanda,PMO - US,From RDC,N/A - From RDC,Air,5/27/2015,N/A - From RDC,18-Aug-15,25-Aug-15,27-Aug-15,ARV,Adult,SCMS from RDC,"Tenofovir Disoproxil Fumarate 300mg, tablets, 30 Tabs",Tenofovir Disoproxil Fumarate,Generic,300mg,Tablet,30,385,1366.75,3.55,0.12,Mylan (formerly Matrix) Nashik,Yes,25,149.65,1.61
48994,108-VN-T30,FPQ-13976,SCMS-236110,ASN-28248,Vietnam,PMO - US,Direct Drop,EXW,Air,4/8/2014,4/30/2014,3-Nov-14,3-Nov-14,3-Nov-14,ARV,Adult,MYLAN LABORATORIES LTD (FORMERLY MATRIX LABORATORIES),"Lamivudine/Nevirapine/Zidovudine 150/200/300mg, tablets, 60 Tabs",Lamivudine/Nevirapine/Zidovudine,Generic,150/300/200mg,Tablet - FDC,60,20000,162000.0,8.1,0.13,Mylan (formerly Matrix) Nashik,Yes,4168,6717.79,166.54
21193,127-KE-T30,FPQ-7684,SCMS-109250,ASN-11441,Kenya,PMO - US,Direct Drop,EXW,Air,5/5/2011,5/19/2011,9-Aug-11,11-Aug-11,11-Aug-11,HRDT,HIV test,"Orgenics, Ltd","HIV 1/2, Determine Complete HIV Kit, 100 Tests","HIV 1/2, Determine Complete HIV Kit",Determine,,Test kit,100,8331,741459.0,89.0,0.89,Inverness Japan,Yes,1980,37548.87,1223.41
85071,104-CI-T30,FPQ-3964,SO-34500,DN-1523,Côte d'Ivoire,PMO - US,From RDC,N/A - From RDC,Air,7/24/2009,N/A - From RDC,1-Dec-09,2-Dec-09,2-Dec-09,ARV,Adult,SCMS from RDC,"Abacavir 300mg, tablets, 60 Tabs",Abacavir,Generic,300mg,Tablet,60,4000,85680.0,21.42,0.36,Mylan (formerly Matrix) Nashik,No,See DN-1523 (ID#:83961),See DN-1523 (ID#:83961),167.93
85304,107-RW-T30,FPQ-10119,SO-42720,DN-2850,Rwanda,PMO - US,From RDC,N/A - From RDC,Air,6/18/2012,N/A - From RDC,28-Sep-12,10-Oct-12,10-Oct-12,ARV,Adult,SCMS from RDC,"Efavirenz 600mg, tablets, 30 Tabs",Efavirenz,Generic,600mg,Tablet,30,50400,197064.0,3.91,0.13,"Strides, Bangalore, India.",Yes,3090,16603.9,276.28
84743,104-CI-T30,FPQ-9261,SO-41490,DN-2809,Côte d'Ivoire,PMO - US,From RDC,N/A - From RDC,Truck,1/30/2012,N/A - From RDC,17-Sep-12,27-Aug-12,27-Aug-12,ARV,Adult,SCMS from RDC,"Lopinavir/Ritonavir 200/50mg, tablets, 120 Tabs",Lopinavir/Ritonavir,Generic,200/50mg,Tablet,120,13033,381997.23,29.31,0.24,"Aurobindo Unit III, India",No,See DN-2809 (ID#:83616),See DN-2809 (ID#:83616),535.56
45460,116-ZA-T30,FPQ-14942,SCMS-259075,ASN-32138,South Africa,PMO - US,Direct Drop,DDP,Truck,9/11/2014,5/11/2015,12-May-15,12-May-15,12-May-15,ARV,Adult,PHARMACY DIRECT,"Lamivudine/Zidovudine 150/300mg, tablets, 60 Tabs",Lamivudine/Zidovudine,Generic,150/300mg,Tablet - FDC,60,3,64.23,21.41,0.36,"Aurobindo Unit III, India",No,Weight Captured Separately,Freight Included in Commodity Cost,0.07
39223,103-KE-T30,FPQ-10018,SCMS-149610,ASN-15669,Kenya,PMO - US,Direct Drop,EXW,Air,6/5/2012,6/14/2012,9-Jul-12,28-Jul-12,28-Jul-12,HRDT,HIV test,"Orgenics, Ltd","HIV 1/2, Determine Complete HIV Kit, 100 Tests","HIV 1/2, Determine Complete HIV Kit",Determine,,Test kit,100,4440,395160.0,89.0,0.89,"Alere Medical Co., Ltd.",Yes,1445,10719.64,554.01
83648,151-NG-T30,FPQ-10477,SO-43043,DN-2995,Nigeria,PMO - US,From RDC,N/A - From RDC,Air Charter,8/9/2012,N/A - From RDC,11-Feb-13,11-Feb-13,11-Feb-13,ARV,Adult,SCMS from RDC,"Efavirenz/Emtricitabine/Tenofovir Disoproxil Fumarate 600/200/300mg, tablets, 30 Tabs",Efavirenz/Emtricitabine/Tenofovir Disoproxil Fumarate,Generic,600/200/300mg,Tablet - FDC,30,98791,1352448.79,13.69,0.46,Mylan (formerly Matrix) Nashik,Yes,12135,29780.5,1896.13
82745,113-ZW-T30,FPQ-14458,SO-49171,DN-3974,Zimbabwe,PMO - US,From RDC,N/A - From RDC,Truck,6/13/2014,N/A - From RDC,31-Jan-15,30-Oct-14,7-Nov-14,ARV,Adult,SCMS from RDC,"Efavirenz/Lamivudine/Tenofovir Disoproxil Fumarate 600/300/300mg, tablets, 30 Tabs",Efavirenz/Lamivudine/Tenofovir Disoproxil Fumarate,Generic,600/300/300mg,Tablet - FDC,30,100167,1026711.75,10.25,0.34,Mylan (formerly Matrix) Nashik,Yes,21570,24309.72,1055.46
82636,103-ZW-T30,FPQ-12086,SO-45120,DN-3488,Zimbabwe,PMO - US,From RDC,N/A - From RDC,Truck,4/19/2013,N/A - From RDC,31-Jan-14,10-Feb-14,19-Mar-14,ARV,Pediatric,SCMS from RDC,"Lamivudine/Nevirapine/Zidovudine 30/50/60mg, dispersible tablets, 60 Tabs",Lamivudine/Nevirapine/Zidovudine,Generic,30/50/60mg,Chewable/dispersible tablet - FDC,60,115211,432041.25,3.75,0.06,Mylan (formerly Matrix) Nashik,Yes,6428,15847.19,534.44
84879,111-MZ-T30,FPQ-11884,SO-44840,DN-3485,Mozambique,PMO - US,From RDC,N/A - From RDC,Truck,3/19/2013,N/A - From RDC,20-Mar-14,28-Mar-14,4-Apr-14,ARV,Adult,SCMS from RDC,"Efavirenz/Lamivudine/Tenofovir Disoproxil Fumarate 600/300/300mg, tablets, 30 Tabs",Efavirenz/Lamivudine/Tenofovir Disoproxil Fumarate,Generic,600/300/300mg,Tablet - FDC,30,70000,780500.0,11.15,0.37,"Aurobindo Unit VII, IN",Yes,18957,16813.62,965.48
59502,104-BW-T30,FPQ-15568,SCMS-275710,ASN-31391,Botswana,PMO - US,Direct Drop,EXW,Air,1/8/2015,2/6/2015,2-Jun-15,4-Jun-15,4-Jun-15,ARV,Adult,HETERO LABS LIMITED,"Efavirenz/Emtricitabine/Tenofovir Disoproxil Fumarate 600/200/300mg, tablets, 30 Tabs",Efavirenz/Emtricitabine/Tenofovir Disoproxil Fumarate,Generic,600/200/300mg,Tablet - FDC,30,39550,412506.5,10.43,0.35,"Hetero, Jadcherla, unit 5, IN",Yes,4840,23796.98,485.52
82454,151-NG-T30,FPQ-8952,SO-41264,DN-2566,Nigeria,PMO - US,From RDC,N/A - From RDC,Air Charter,12/8/2011,N/A - From RDC,20-Jun-12,16-Feb-12,16-Feb-12,ARV,Adult,SCMS from RDC,"Efavirenz/Emtricitabine/Tenofovir Disoproxil Fumarate 600/200/300mg, tablets, 30 Tabs",Efavirenz/Emtricitabine/Tenofovir Disoproxil Fumarate,Generic,600/200/300mg,Tablet - FDC,30,26798,448330.54,16.73,0.56,Mylan (formerly Matrix) Nashik,Yes,3203,25231.96,628.56
82463,114-UG-T30,FPQ-9321,SO-41520,DN-2597,Uganda,PMO - US,From RDC,N/A - From RDC,Truck,2/10/2012,N/A - From RDC,24-Apr-12,27-Feb-12,27-Feb-12,ARV,Adult,SCMS from RDC,"Lamivudine/Tenofovir Disoproxil Fumarate 300/300mg, tablets, 30 Tabs",Lamivudine/Tenofovir Disoproxil Fumarate,Generic,300/300mg,Tablet - FDC,30,3900,23712.0,6.08,0.2,Mylan (formerly Matrix) Nashik,No,See DN-2597 (ID#:82462),See DN-2597 (ID#:82462),33.24
61191,106-HT-T30,FPQ-9066,SCMS-138590,ASN-16098,Haiti,PMO - US,Direct Drop,EXW,Air,1/6/2012,2/24/2012,5-Sep-12,5-Sep-12,5-Sep-12,ARV,Pediatric,CIPLA LIMITED,"Abacavir/Lamivudine 60/30mg, dispersible tablets, 60 Tabs",Abacavir/Lamivudine,Generic,60/30mg,Chewable/dispersible tablet - FDC,60,2460,17220.0,7.0,0.12,"Cipla, Patalganga, India",Yes,173,1312.75,24.14
12553,117-ET-T01,Pre-PQ Process,SO-22000,DN-1060,Ethiopia,PMO - US,From RDC,N/A - From RDC,Air,Pre-PQ Process,N/A - From RDC,18-Feb-09,18-Feb-09,18-Feb-09,ARV,Adult,SCMS from RDC,"Tenofovir Disoproxil Fumarate 300mg, tablets, 30 Tabs",Tenofovir Disoproxil Fumarate,Generic,300mg,Tablet,30,3100,41168.0,13.28,0.44,Mylan (formerly Matrix) Nashik,No,See DN-1060 (ID#:11618),See DN-1060 (ID#:11618),80.69
83175,111-MZ-T30,FPQ-12416,SO-45892,DN-3376,Mozambique,PMO - US,From RDC,N/A - From RDC,Truck,6/28/2013,N/A - From RDC,29-Nov-13,28-Nov-13,12-Dec-13,ARV,Adult,SCMS from RDC,"Lamivudine/Nevirapine/Zidovudine 150/200/300mg, tablets, 60 Tabs",Lamivudine/Nevirapine/Zidovudine,Generic,150/300/200mg,Tablet - FDC,60,38976,334414.08,8.58,0.14,Hetero Unit III Hyderabad IN,Yes,7482,5846.08,413.67
85114,104-CI-T30,FPQ-4659,SO-35560,DN-1799,Côte d'Ivoire,PMO - US,From RDC,N/A - From RDC,Air,12/8/2009,N/A - From RDC,10-May-10,7-May-10,7-May-10,ARV,Adult,SCMS from RDC,"Abacavir 300mg, tablets, 60 Tabs",Abacavir,Generic,300mg,Tablet,60,8150,154850.0,19.0,0.32,Mylan (formerly Matrix) Nashik,No,See DN-1799 (ID#:84560),See DN-1799 (ID#:84560),333.86
10931,117-ET-T01,Pre-PQ Process,SO-1513,DN-516,Ethiopia,PMO - US,From RDC,N/A - From RDC,Air,Pre-PQ Process,N/A - From RDC,10-Jan-08,10-Jan-08,10-Jan-08,ARV,Adult,SCMS from RDC,"Tenofovir Disoproxil Fumarate 300mg [Viread], tablets, 30 Tabs",Tenofovir Disoproxil Fumarate,Viread,300mg,Tablet,30,591,10047.0,17.0,0.57,Gilead(Nycomed) Oranienburg DE,Yes,37,504,16.08
85305,900-SS-T30,FPQ-10514,SO-43050,DN-2857,South Sudan,PMO - US,From RDC,N/A - From RDC,Air,8/17/2012,N/A - From RDC,18-Oct-12,3-Oct-12,3-Oct-12,ARV,Adult,SCMS from RDC,"Nevirapine 200mg, tablets, 60 Tabs",Nevirapine,Generic,200mg,Tablet,60,300,726.0,2.42,0.04,Hetero Unit III Hyderabad IN,No,See DN-2857 (ID#:83623),See DN-2857 (ID#:83623),1.02
28888,102-ML-T30,FPQ-13391,SCMS-221931,ASN-24573,Mali,PMO - US,Direct Drop,EXW,Air,12/16/2013,1/22/2014,25-Mar-14,25-Mar-14,28-Mar-14,HRDT,HIV test,"Orgenics, Ltd","HIV 1/2, ImmunoComb II BiSpot EIA Kit, 36 Tests","HIV 1/2, ImmunoComb II BiSpot EIA Kit",ImmunoComb,,Test kit,36,58,4930.0,85.0,2.36,"Alere Medical Co., Ltd.",Yes,23,1148.65,5.07
1350,104-CI-T01,Pre-PQ Process,SCMS-698,ASN-727,Côte d'Ivoire,PMO - US,Direct Drop,CIP,Air,Pre-PQ Process,7/13/2007,2-Oct-07,2-Oct-07,2-Oct-07,ARV,Pediatric,BRISTOL-MYERS SQUIBB,"Didanosine 50mg [Videx], chewable tablets, 60 Tabs",Didanosine,Videx,50mg,Chewable/dispersible tablet,60,4270,40565.0,9.5,0.16,"BMS Meymac, France",No,Weight Captured Separately,Freight Included in Commodity Cost,64.9
10967,102-KE-T01,Pre-PQ Process,SO-1390,DN-667,Kenya,PMO - US,From RDC,N/A - From RDC,Truck,Pre-PQ Process,N/A - From RDC,26-Mar-08,26-Mar-08,26-Mar-08,HRDT,HIV test - Ancillary,SCMS from RDC,"HIV, Lancet, Safety, for HIV Test kits, 100 Pcs","HIV, Lancet, Safety, for HIV Test kits, 100 Pcs",Generic,,Test kit - Ancillary,100,240,1200.0,5.0,0.05,Inverness Japan,Yes,751,190.06,1.92
86272,106-HT-T30,FPQ-4384,SO-35670,DN-1664,Haiti,PMO - US,From RDC,N/A - From RDC,Air,10/23/2009,N/A - From RDC,10-Mar-10,3-Mar-10,3-Mar-10,ARV,Adult,SCMS from RDC,"Stavudine 30mg, capsules, 60 Caps",Stavudine,Generic,30mg,Capsule,60,3690,5387.4,1.46,0.02,"Strides, Bangalore, India.",Yes,177,6036.96,11.62
82452,104-CI-T30,FPQ-8363,SO-40820,DN-2551,Côte d'Ivoire,PMO - US,From RDC,N/A - From RDC,Truck,8/29/2011,N/A - From RDC,2-Mar-12,24-Feb-12,24-Feb-12,ARV,Adult,SCMS from RDC,"Tenofovir Disoproxil Fumarate 300mg, tablets, 30 Tabs",Tenofovir Disoproxil Fumarate,Generic,300mg,Tablet,30,2160,11880.0,5.5,0.18,Mylan (formerly Matrix) Nashik,Yes,1122,6009.47,19.6
63988,101-CD-T30,FPQ-12073,SCMS-186710,ASN-20472,"Congo, DRC",PMO - US,Direct Drop,EXW,Air,4/12/2013,5/8/2013,20-Sep-13,20-Sep-13,20-Sep-13,HRDT,HIV test - Ancillary,"Orgenics, Ltd","Chase Buffer, Determine, 100 Tests, 2.5ml x 1 Vial","Chase Buffer, Determine, 100 Tests, 2.5ml x 1 Vial",Determine,,Test kit - Ancillary,1,2407,12035.0,5.0,5.0,"Alere Medical Co., Ltd.",No,See ASN-20472 (ID#:38266),See ASN-20472 (ID#:38266),14.89
83287,101-CD-T30,FPQ-14576,SO-49310,DN-3954,"Congo, DRC",PMO - US,From RDC,N/A - From RDC,Air,7/14/2014,N/A - From RDC,14-Apr-15,14-Apr-15,14-Apr-15,ARV,Pediatric,SCMS from RDC,"Nevirapine 10mg/ml, oral suspension w/syringe, Bottle, 240 ml",Nevirapine,Generic,10mg/ml,Oral suspension,240,590,890.9,1.51,0.01,"Aurobindo Unit III, India",No,See DN-3954 (ID#:82743),See DN-3954 (ID#:82743),0.92
82951,151-NG-T30,FPQ-6800,SO-39370,DN-2209,Nigeria,PMO - US,From RDC,N/A - From RDC,Air Charter,12/7/2010,N/A - From RDC,21-Jun-11,5-Jul-11,5-Jul-11,ARV,Adult,SCMS from RDC,"Lamivudine/Zidovudine 150/300mg, tablets, 60 Tabs",Lamivudine/Zidovudine,Generic,150/300mg,Tablet - FDC,60,32000,264320.0,8.26,0.14,"Aurobindo Unit III, India",Yes,3175,13398.04,436.13
66236,114-UG-T30,FPQ-14254,SCMS-239750,ASN-26608,Uganda,PMO - US,Direct Drop,EXW,Air,5/12/2014,5/20/2014,26-Jun-14,26-Jun-14,28-Jun-14,HRDT,HIV test,"Trinity Biotech, Plc","HIV 1/2, Uni-Gold HIV Kit, 20 Tests","HIV 1/2, Uni-Gold HIV Kit",Uni-Gold,,Test kit,20,750,24000.0,32.0,1.6,"Trinity Biotech, Plc",Yes,242,1899.22,24.67
39025,104-CI-T30,FPQ-4698,SCMS-64941,ASN-9384,Côte d'Ivoire,PMO - US,Direct Drop,CIP,Air,12/28/2009,2/12/2010,28-Jan-11,28-Jan-11,28-Jan-11,ARV,Adult,MERCK SHARP & DOHME IDEA GMBH (FORMALLY MERCK SHARP & DOHME B.V.),"Indinavir 400mg [Crixivan], capsules, 180 Caps",Indinavir,Crixivan,400mg,Capsule,180,1015,50750.0,50.0,0.28,"MSD, Haarlem, NL",Yes,257,1167.97,109.42
73782,106-HT-T30,FPQ-16241,SCMS-288890,ASN-32682,Haiti,PMO - US,Direct Drop,EXW,Ocean,5/5/2015,5/27/2015,13-Aug-15,13-Aug-15,14-Aug-15,ARV,Adult,HETERO LABS LIMITED,"Lamivudine/Zidovudine 150/300mg, tablets, 60 Tabs",Lamivudine/Zidovudine,Generic,150/300mg,Tablet - FDC,60,65760,434673.6,6.61,0.11,"Hetero, Jadcherla, unit 5, IN",No,See ASN-32682 (ID#:38510),See ASN-32682 (ID#:38510),511.61
12795,125-HT-T01,Pre-PQ Process,SO-1291,DN-686,Haiti,PMO - US,From RDC,N/A - From RDC,Air,Pre-PQ Process,N/A - From RDC,3-Apr-08,3-Apr-08,3-Apr-08,HRDT,HIV test,SCMS from RDC,"HIV 1/2, Determine HIV Kit, without Lancets, 100 Tests","HIV 1/2, Determine HIV Kit, without Lancets",Determine,,Test kit,100,15,1080.0,72.0,0.72,Inverness Japan,No,See DN-686 (ID#:10691),See DN-686 (ID#:10691),1.73
11584,102-KE-T01,Pre-PQ Process,SO-11470,DN-991,Kenya,PMO - US,From RDC,N/A - From RDC,Truck,Pre-PQ Process,N/A - From RDC,31-Oct-08,31-Oct-08,31-Oct-08,HRDT,HIV test,SCMS from RDC,"HIV 1/2, Uni-Gold HIV Kit, 20 Tests","HIV 1/2, Uni-Gold HIV Kit",Uni-Gold,,Test kit,20,1250,40000.0,32.0,1.6,"Trinity Biotech, Plc",Yes,394,157.5,78.4
70614,114-UG-T30,FPQ-11098,SCMS-171680,ASN-18882,Uganda,PMO - US,Direct Drop,EXW,Air,12/13/2012,1/2/2013,29-Apr-13,29-Apr-13,29-Apr-13,HRDT,HIV test,"Orgenics, Ltd","HIV 1/2, Determine Complete HIV Kit, 100 Tests","HIV 1/2, Determine Complete HIV Kit",Determine,,Test kit,100,3035,242800.0,80.0,0.8,"Alere Medical Co., Ltd.",Yes,1346,32471.83,300.34
82952,151-NG-T30,FPQ-7217,SO-39580,DN-2213,Nigeria,PMO - US,From RDC,N/A - From RDC,Air Charter,2/21/2011,N/A - From RDC,15-Jun-11,6-Jul-11,6-Jul-11,ARV,Adult,SCMS from RDC,"Lamivudine/Zidovudine 150/300mg, tablets, 60 Tabs",Lamivudine/Zidovudine,Generic,150/300mg,Tablet - FDC,60,12609,104150.34,8.26,0.14,Hetero Unit III Hyderabad IN,Yes,4114,13398.06,171.85
24990,119-NA-T30,FPQ-4267,SCMS-54590,ASN-5308,Namibia,PMO - US,Direct Drop,EXW,Air,9/15/2009,10/6/2009,11-Nov-09,11-Nov-09,11-Nov-09,HRDT,HIV test,"Trinity Biotech, Plc","HIV 1/2, Uni-Gold HIV Kit, 20 Tests","HIV 1/2, Uni-Gold HIV Kit",Uni-Gold,,Test kit,20,25,0.25,0.01,0.0,"Trinity Biotech, Plc",Yes,10,751.43,0.0
10883,104-CI-T01,Pre-PQ Process,SO-972,DN-327,Côte d'Ivoire,PMO - US,From RDC,N/A - From RDC,,Pre-PQ Process,N/A - From RDC,10-Sep-07,10-Sep-07,10-Sep-07,ARV,Adult,SCMS from RDC,"Saquinavir 200mg [Invirase], capsules, 270 Caps",Saquinavir,Invirase,200mg,Capsule,270,252,19817.28,78.64,0.29,Roche Basel,Yes,1736,14182.54,31.71
40286,107-RW-T30,FPQ-13157,SCMS-215450,ASN-23606,Rwanda,PMO - US,Direct Drop,FCA,Air,10/28/2013,12/2/2013,22-Jan-14,22-Jan-14,24-Jan-14,ARV,Pediatric,ABBVIE LOGISTICS (FORMERLY ABBOTT LOGISTICS BV),"Lopinavir/Ritonavir 100/25mg [Aluvia], tablets, 60 Tabs",Lopinavir/Ritonavir,Generic,100/25mg,Tablet,60,500,2970.0,5.94,0.1,ABBVIE Ludwigshafen Germany,Yes,65,985.26,3.05
48517,100-ZW-T30,FPQ-5018,SCMS-65350,ASN-6754,Zimbabwe,PMO - US,Direct Drop,EXW,Air,2/2/2010,2/17/2010,20-May-10,20-May-10,20-May-10,HRDT,HIV test,"Orgenics, Ltd","HIV 1/2, Determine Complete HIV Kit, 100 Tests","HIV 1/2, Determine Complete HIV Kit",Determine,,Test kit,100,1845,132840.0,72.0,0.72,Inverness Japan,Yes,1000,18841.09,286.4
11742,109-TZ-T01,Pre-PQ Process,SO-307,DN-276,Tanzania,PMO - US,From RDC,N/A - From RDC,Air,Pre-PQ Process,N/A - From RDC,22-Aug-07,22-Aug-07,22-Aug-07,HRDT,HIV test,SCMS from RDC,"HIV 1/2, Uni-Gold HIV Kit, 20 Tests","HIV 1/2, Uni-Gold HIV Kit",Uni-Gold,,Test kit,20,100,3200.0,32.0,1.6,"Trinity Biotech, Plc",Yes,36,939.62,5.12
11395,110-ZM-T01,Pre-PQ Process,SO-623,DN-204,Zambia,PMO - US,From RDC,N/A - From RDC,,Pre-PQ Process,N/A - From RDC,20-Jun-07,20-Jun-07,20-Jun-07,ARV,Adult,SCMS from RDC,"Lopinavir/Ritonavir 200/50mg [Aluvia], tablets, 120 Tabs",Lopinavir/Ritonavir,Aluvia,200/50mg,Tablet,120,2820,115902.0,41.1,0.34,ABBVIE Ludwigshafen Germany,Yes,614,2880.35,185.44
12508,113-ZW-T01,Pre-PQ Process,SO-1922,DN-644,Zimbabwe,PMO - US,From RDC,N/A - From RDC,Truck,Pre-PQ Process,N/A - From RDC,12-Mar-08,12-Mar-08,12-Mar-08,ARV,Adult,SCMS from RDC,"Zidovudine 300mg, tablets, 60 Tabs",Zidovudine,Generic,300mg,Tablet,60,6295,51304.25,8.15,0.14,"Aurobindo Unit III, India",No,See DN-644 (ID#:11894),See DN-644 (ID#:11894),82.09
30784,200-DO-T30,FPQ-6615,SCMS-93360,ASN-9857,Dominican Republic,PMO - US,Direct Drop,EXW,Air,11/10/2010,12/1/2010,8-Mar-11,8-Mar-11,8-Mar-11,ARV,Adult,Aurobindo Pharma Limited,"Lopinavir/Ritonavir 200/50mg, tablets, 120 Tabs",Lopinavir/Ritonavir,Generic,200/50mg,Tablet,120,9242,323470.0,35.0,0.29,"Aurobindo Unit III, India",Yes,2373,16173.9,533.73
61993,111-MZ-T30,FPQ-14294,SCMS-247350,ASN-27821,Mozambique,PMO - US,Direct Drop,EXW,Air,5/15/2014,7/30/2014,8-Sep-14,8-Sep-14,9-Sep-14,HRDT,HIV test,"Trinity Biotech, Plc","HIV 1/2, Uni-Gold HIV Kit, 20 Tests","HIV 1/2, Uni-Gold HIV Kit",Uni-Gold,,Test kit,20,8261,264352.0,32.0,1.6,"Trinity Biotech, Plc",Yes,298,16397.94,271.75
85826,110-ZM-T30,FPQ-8759,SO-41121,DN-2532,Zambia,PMO - US,From RDC,N/A - From RDC,Truck,11/6/2011,N/A - From RDC,27-Apr-12,17-Feb-12,17-Feb-12,ARV,Adult,SCMS from RDC,"Efavirenz 600mg, tablets, 30 Tabs",Efavirenz,Generic,600mg,Tablet,30,113614,468089.68,4.12,0.14,Mylan (formerly Matrix) Nashik,No,See DN-2532 (ID#:82448),See DN-2532 (ID#:82448),656.26
84014,151-NG-T30,FPQ-5023,SO-36462,DN-1895,Nigeria,PMO - US,From RDC,N/A - From RDC,Air,2/10/2010,N/A - From RDC,15-Jul-10,28-Jun-10,28-Jun-10,ARV,Adult,SCMS from RDC,"Nevirapine 200mg, tablets, 60 Tabs",Nevirapine,Generic,200mg,Tablet,60,46678,127430.94,2.73,0.05,"Aurobindo Unit III, India",Yes,4490,Freight Included in Commodity Cost,274.74
27327,133-NG-T30,FPQ-12456,SCMS-196560,ASN-21222,Nigeria,PMO - US,Direct Drop,EXW,Air,6/10/2013,7/10/2013,18-Sep-13,24-Sep-13,24-Sep-13,HRDT,HIV test,"Orgenics, Ltd","HIV 1/2, Determine Complete HIV Kit, 100 Tests","HIV 1/2, Determine Complete HIV Kit",Determine,,Test kit,100,3023,269047.0,89.0,0.89,"Alere Medical Co., Ltd.",Yes,1221,12793.7,332.81
36880,116-ZA-T30,FPQ-12522,SCMS-199283,ASN-27980,South Africa,PMO - US,Direct Drop,DDP,Truck,7/11/2013,8/27/2014,27-Aug-14,27-Aug-14,27-Aug-14,ARV,Adult,S. BUYS WHOLESALER,"Abacavir 300mg, tablets, 60 Tabs",Abacavir,Generic,300mg,Tablet,60,45,3471.61,77.15,1.29,"Aurobindo Unit III, India",No,Weight Captured Separately,Freight Included in Commodity Cost,4.29
96,102-NG-T01,Pre-PQ Process,SCMS-570,ASN-451,Nigeria,PMO - US,Direct Drop,EXW,Air,Pre-PQ Process,5/17/2007,19-Jun-07,19-Jun-07,19-Jun-07,HRDT,HIV test,"CHEMBIO DIAGNOSTIC SYSTEMS, INC.","HIV 1/2, Stat-Pak HIV, Kit, 20 Tests","HIV 1/2, Stat-Pak HIV, Kit",Stat-Pak,,Test kit,20,7500,202500.0,27.0,1.35,Chembio Diagnostics Sys. Inc.,Yes,2278,15893.71,
40665,117-ET-T30,FPQ-9954,SCMS-148510,ASN-16201,Ethiopia,PMO - US,Direct Drop,EXW,Air,5/21/2012,7/25/2012,4-Sep-12,4-Sep-12,4-Sep-12,HRDT,HIV test,"SHANGHAI KEHUA BIOENGINEERING CO.,LTD.  (KHB)","HIV 1/2, SKB Colloidal Gold, Diagnostic Kit, Antibody, 50 Tests","HIV 1/2, Colloidal Gold, Diagnostic Kit, Antibody",Colloidal Gold,,Test kit,1,25004,612598.0,24.5,24.5,"KHB Test Kit Facility, Shanghai China",Yes,17367,161962.32,858.86
42465,161-ZA-T30,FPQ-5303,SCMS-69050,ASN-8740,South Africa,PMO - US,Direct Drop,DDP,Air,3/18/2010,3/19/2010,15-Dec-10,8-Dec-10,8-Dec-10,ARV,Adult,Aurobindo Pharma Limited,"Zidovudine 300mg, tablets, 60 Tabs",Zidovudine,Generic,300mg,Tablet,60,8989,66788.27,7.43,0.12,"Aurobindo Unit III, India",Yes,454,3315.24,144.0
85460,104-CI-T30,FPQ-13142,SO-47151,DN-3633,Côte d'Ivoire,PMO - US,From RDC,N/A - From RDC,Truck,10/22/2013,N/A - From RDC,30-Apr-14,22-Apr-14,11-Jun-14,ARV,Adult,SCMS from RDC,"Efavirenz/Lamivudine/Tenofovir Disoproxil Fumarate 600/300/300mg, tablets, 30 Tabs",Efavirenz/Lamivudine/Tenofovir Disoproxil Fumarate,Generic,600/300/300mg,Tablet - FDC,30,30000,323400.0,10.78,0.36,Hetero Unit III Hyderabad IN,No,See DN-3633 (ID#:82666),See DN-3633 (ID#:82666),332.46
46177,116-ZA-T30,FPQ-12522,SCMS-199289,ASN-28033,South Africa,PMO - US,Direct Drop,DDP,Truck,7/11/2013,8/29/2014,29-Aug-14,29-Aug-14,29-Aug-14,ARV,Adult,S. BUYS WHOLESALER,"Nevirapine 200mg, tablets, 60 Tabs",Nevirapine,Generic,200mg,Tablet,60,104,2036.11,19.58,0.33,"Aurobindo Unit III, India",No,Weight Captured Separately,Freight Included in Commodity Cost,2.52
83985,114-UG-T30,FPQ-4496,SO-35630,DN-1675,Uganda,PMO - US,From RDC,N/A - From RDC,Air,10/28/2009,N/A - From RDC,22-Mar-10,17-Mar-10,17-Mar-10,ARV,Adult,SCMS from RDC,"Efavirenz 600mg, tablets, 30 Tabs",Efavirenz,Generic,600mg,Tablet,30,5000,25650.0,5.13,0.17,"Aurobindo Unit III, India",Yes,456,5186.68,55.3
11623,151-NG-T01,Pre-PQ Process,SO-21785,DN-1133,Nigeria,PMO - US,From RDC,N/A - From RDC,Air,Pre-PQ Process,N/A - From RDC,24-Mar-09,24-Mar-09,24-Mar-09,ARV,Adult,SCMS from RDC,"Emtricitabine/Tenofovir Disoproxil Fumarate 200/300mg [Truvada], tablets, 30 Tabs",Emtricitabine/Tenofovir Disoproxil Fumarate,Truvada,300/200mg,Tablet - FDC,30,326,8557.5,26.25,0.88,"Aspen-OSD, Port Elizabeth, SA",Yes,35,6443.61,16.77
71386,133-NG-T30,FPQ-15504,SCMS-270771,ASN-32756,Nigeria,PMO - US,Direct Drop,EXW,Air,12/8/2014,3/13/2015,30-Jun-15,29-Jun-15,2-Jul-15,HRDT,HIV test,"Orgenics, Ltd","HIV 1/2, Determine Complete HIV Kit, 100 Tests","HIV 1/2, Determine Complete HIV Kit",Determine,,Test kit,100,6350,565150.0,89.0,0.89,"Alere Medical Co., Ltd.",Yes,2575,29274.16,665.18
83880,114-UG-T30,FPQ-15294,SO-50090,DN-4102,Uganda,PMO - US,From RDC,N/A - From RDC,Truck,11/3/2014,N/A - From RDC,27-Feb-15,24-Feb-15,24-Feb-15,ARV,Adult,SCMS from RDC,"Efavirenz/Lamivudine/Tenofovir Disoproxil Fumarate 600/300/300mg, tablets, 30 Tabs",Efavirenz/Lamivudine/Tenofovir Disoproxil Fumarate,Generic,600/300/300mg,Tablet - FDC,30,2361,24200.25,10.25,0.34,"Aurobindo Unit VII, IN",Yes,1255,4438,28.48
12130,112-NG-T01,Pre-PQ Process,SO-567,DN-475,Nigeria,PMO - US,From RDC,N/A - From RDC,Air,Pre-PQ Process,N/A - From RDC,3-Dec-07,3-Dec-07,3-Dec-07,ARV,Adult,SCMS from RDC,"Lamivudine/Nevirapine/Stavudine 150/200/40mg, tablets, 60 Tabs",Lamivudine/Nevirapine/Stavudine,Generic,150/200/40mg,Tablet - FDC,60,1190,9163.0,7.7,0.13,"Cipla, Goa, India",No,See DN-475 (ID#:10642),See DN-475 (ID#:10642),14.66
81456,106-HT-T30,FPQ-15102,SCMS-260790,ASN-31235,Haiti,PMO - US,Direct Drop,EXW,Air,10/10/2014,11/5/2014,21-Apr-15,21-Apr-15,28-Apr-15,HRDT,HIV test,"SHANGHAI KEHUA BIOENGINEERING CO.,LTD.  (KHB)","HIV 1/2, SKB Colloidal Gold, Diagnostic Kit, Antibody, 50 Tests","HIV 1/2, Colloidal Gold, Diagnostic Kit, Antibody",Colloidal Gold,,Test kit,1,1600,39200.0,24.5,24.5,"KHB Test Kit Facility, Shanghai China",Yes,1130,10893.85,46.14
35300,108-VN-T30,FPQ-6818,SCMS-97840,ASN-10792,Vietnam,PMO - US,Direct Drop,EXW,Air,1/17/2011,2/9/2011,6-Jun-11,6-Jun-11,6-Jun-11,ARV,Adult,HETERO LABS LIMITED,"Stavudine 30mg, capsules, 60 Caps",Stavudine,Generic,30mg,Capsule,60,21000,30450.0,1.45,0.02,Hetero Unit III Hyderabad IN,Yes,1516,11915.51,50.24
12484,109-TZ-T01,Pre-PQ Process,SO-2556,DN-748,Tanzania,PMO - US,From RDC,N/A - From RDC,Truck,Pre-PQ Process,N/A - From RDC,30-Jun-08,30-Jun-08,30-Jun-08,ARV,Adult,SCMS from RDC,"Efavirenz 600mg, tablets, 30 Tabs",Efavirenz,Generic,600mg,Tablet,30,75000,900750.0,12.01,0.4,"Aurobindo Unit III, India",Yes,15566,9330,1441.2
62113,104-CI-T30,FPQ-6183,SCMS-83690,ASN-11128,Côte d'Ivoire,PMO - US,Direct Drop,CIP,Air,8/10/2010,9/10/2010,1-Jul-11,1-Jul-11,1-Jul-11,ARV,Pediatric,MERCK SHARP & DOHME IDEA GMBH (FORMALLY MERCK SHARP & DOHME B.V.),"Efavirenz 30mg/ml [Stocrin/Sustiva], oral solution, Bottle, 180 ml",Efavirenz,Stocrin/Sustiva,30mg/ml,Oral solution,180,5196,88124.16,16.96,0.09,"MSD, Haarlem, NL",Yes,1489,2093.31,190.0
32865,101-CD-T30,FPQ-14654,SCMS-253270,ASN-28379,"Congo, DRC",PMO - US,Direct Drop,EXW,Air,8/11/2014,8/27/2014,31-Dec-14,31-Dec-14,31-Dec-14,HRDT,HIV test,"Orgenics, Ltd","HIV 1/2, Determine Complete HIV Kit, 100 Tests","HIV 1/2, Determine Complete HIV Kit",Determine,,Test kit,100,5359,428720.0,80.0,0.8,"Alere Medical Co., Ltd.",Yes,2131,62196.13,440.72
11432,111-MZ-T01,Pre-PQ Process,SO-925,DN-307,Mozambique,PMO - US,From RDC,N/A - From RDC,Air,Pre-PQ Process,N/A - From RDC,4-Sep-07,4-Sep-07,4-Sep-07,ARV,Adult,SCMS from RDC,"Lamivudine/Zidovudine 150/300mg, tablets, 60 Tabs",Lamivudine/Zidovudine,Generic,150/300mg,Tablet - FDC,60,10800,102600.0,9.5,0.16,"Aurobindo Unit III, India",Yes,1020,1998.5,164.16
11114,110-ZM-T01,Pre-PQ Process,SO-211,DN-104,Zambia,PMO - US,From RDC,N/A - From RDC,,Pre-PQ Process,N/A - From RDC,3-May-07,3-May-07,3-May-07,ARV,Adult,SCMS from RDC,"Lamivudine/Zidovudine 150/300mg, tablets, 60 Tabs",Lamivudine/Zidovudine,Generic,150/300mg,Tablet - FDC,60,50549,518127.25,10.25,0.17,"Aurobindo Unit III, India",Yes,4680,19288.91,
85255,110-ZM-T30,FPQ-9186,SO-41410,DN-2629,Zambia,PMO - US,From RDC,N/A - From RDC,Truck,1/16/2012,N/A - From RDC,8-May-12,30-Apr-12,30-Apr-12,ARV,Adult,SCMS from RDC,"Efavirenz 600mg, tablets, 30 Tabs",Efavirenz,Generic,600mg,Tablet,30,109226,450011.12,4.12,0.14,"Strides, Bangalore, India.",Yes,6636,10598.2,630.92
82356,104-CI-T30,FPQ-5925,SO-37150,DN-2035,Côte d'Ivoire,PMO - US,From RDC,N/A - From RDC,Truck,6/23/2010,N/A - From RDC,30-Nov-10,26-Nov-10,26-Nov-10,ARV,Pediatric,SCMS from RDC,"Abacavir 20mg/ml, oral solution w/syringe, Bottle, 240 ml",Abacavir,Generic,20mg/ml,Oral solution,240,36,493.2,13.7,0.06,"Aurobindo Unit III, India",Yes,7889,6406.53,1.06
84392,113-ZW-T30,FPQ-13508,SO-47540,DN-3825,Zimbabwe,PMO - US,From RDC,N/A - From RDC,Truck,12/24/2013,N/A - From RDC,30-Sep-14,29-Jun-14,4-Aug-14,ARV,Adult,SCMS from RDC,"Lamivudine/Tenofovir Disoproxil Fumarate 300/300mg, tablets, 30 Tabs",Lamivudine/Tenofovir Disoproxil Fumarate,Generic,300/300mg,Tablet - FDC,30,140000,648200.0,4.63,0.15,Hetero Unit III Hyderabad IN,No,See DN-3825 (ID#:82702),See DN-3825 (ID#:82702),666.35
12088,111-MZ-T01,Pre-PQ Process,SO-298,DN-304,Mozambique,PMO - US,From RDC,N/A - From RDC,Air,Pre-PQ Process,N/A - From RDC,21-Sep-07,21-Sep-07,21-Sep-07,ARV,Adult,SCMS from RDC,"Abacavir/Lamivudine/Zidovudine 300/150/300mg [Trizivir], tablets, 60 Tabs",Abacavir/Lamivudine/Zidovudine,Trizivir,300/150/300mg,Tablet - FDC,60,530,37100.0,70.0,1.17,GSK Ware (UK),No,See DN-304 (ID#:10589),See DN-304 (ID#:10589),59.36
12546,104-CI-T01,Pre-PQ Process,SO-21842,DN-1097,Côte d'Ivoire,PMO - US,From RDC,N/A - From RDC,Air,Pre-PQ Process,N/A - From RDC,18-Mar-09,18-Mar-09,18-Mar-09,ARV,Pediatric,SCMS from RDC,"Zidovudine 10mg/ml, oral solution, Bottle, 240 ml",Zidovudine,Generic,10mg/ml,Oral solution,240,1643,3450.3,2.1,0.01,"Aurobindo Unit III, India",Yes,483,7293.9,6.76
76409,106-HT-T30,FPQ-11442,SCMS-177180,ASN-18919,Haiti,PMO - US,Direct Drop,EXW,Ocean,1/30/2013,3/11/2013,7-Aug-13,7-Aug-13,7-Aug-13,ARV,Adult,Aurobindo Pharma Limited,"Lamivudine/Zidovudine 150/300mg, tablets, 60 Tabs",Lamivudine/Zidovudine,Generic,150/300mg,Tablet - FDC,60,52080,356748.0,6.85,0.11,"Aurobindo Unit III, India",No,See ASN-18919 (ID#:14578),See ASN-18919 (ID#:14578),441.3
19514,116-ZA-T30,FPQ-13973,SCMS-238553,ASN-28021,South Africa,PMO - US,Direct Drop,DDP,Truck,4/30/2014,8/28/2014,28-Aug-14,28-Aug-14,28-Aug-14,ARV,Adult,PHARMACY DIRECT,"Lamivudine/Zidovudine 150/300mg, tablets, 60 Tabs",Lamivudine/Zidovudine,Generic,150/300mg,Tablet - FDC,60,16,499.07,31.19,0.52,"Aurobindo Unit III, India",No,Weight Captured Separately,Freight Included in Commodity Cost,0.51
28418,900-TZ-T30,FPQ-10394,SCMS-156500,ASN-16219,Tanzania,PMO - US,Direct Drop,EXW,Air,7/26/2012,8/9/2012,9-Oct-12,12-Oct-12,12-Oct-12,ARV,Adult,Aurobindo Pharma Limited,"Efavirenz 600mg, tablets, 30 Tabs",Efavirenz,Generic,600mg,Tablet,30,25741,84945.3,3.3,0.11,"Aurobindo Unit III, India",Yes,2210,9452.02,119.09
85770,100-BJ-T30,FPQ-7658,SO-39780,DN-2251,Benin,PMO - US,From RDC,N/A - From RDC,Air,5/15/2011,N/A - From RDC,4-Jul-11,30-Jun-11,30-Jun-11,ARV,Adult,SCMS from RDC,"Lamivudine/Zidovudine 150/300mg, tablets, 60 Tabs",Lamivudine/Zidovudine,Generic,150/300mg,Tablet - FDC,60,15000,123900.0,8.26,0.14,"Aurobindo Unit III, India",Yes,1440,6477.67,204.44
14929,116-ZA-T30,FPQ-15869,SCMS-278621,ASN-33339,South Africa,PMO - US,Direct Drop,DDP,Truck,2/23/2015,5/7/2015,15-Jul-15,15-Jul-15,15-Jul-15,ARV,Adult,PHARMACY DIRECT,"Efavirenz/Emtricitabine/Tenofovir Disoproxil Fumarate 600/200/300mg, tablets, 30 Tabs",Efavirenz/Emtricitabine/Tenofovir Disoproxil Fumarate,Generic,600/200/300mg,Tablet - FDC,30,9,342.83,38.09,1.27,Mylan (formerly Matrix) Nashik,Yes,Weight Captured Separately,Freight Included in Commodity Cost,0.4
27185,116-ZA-T30,FPQ-7176,SCMS-104360,ASN-11044,South Africa,PMO - US,Direct Drop,DDP,Ocean,3/10/2011,4/1/2011,2-Sep-11,2-Sep-11,2-Sep-11,ARV,Pediatric,Aurobindo Pharma Limited,"Efavirenz 200mg, capsule, 90 Caps",Efavirenz,Generic,200mg,Capsule,90,300,2451.0,8.17,0.09,"Aurobindo Unit III, India",Yes,40,422.84,4.04
85797,151-NG-T30,FPQ-7812,SO-40721,DN-2393,Nigeria,PMO - US,From RDC,N/A - From RDC,Air Charter,6/6/2011,N/A - From RDC,5-Dec-11,17-Oct-11,17-Oct-11,ARV,Adult,SCMS from RDC,"Emtricitabine/Tenofovir Disoproxil Fumarate 200/300mg, tablets, 30 Tabs",Emtricitabine/Tenofovir Disoproxil Fumarate,Generic,200/300mg,Tablet - FDC,30,17038,152830.86,8.97,0.3,"Aurobindo Unit III, India",Yes,1722,21326.73,252.17
82708,101-CD-T30,FPQ-14252,SO-48850,DN-3843,"Congo, DRC",PMO - US,From RDC,N/A - From RDC,Air,5/7/2014,N/A - From RDC,13-Aug-14,24-Sep-14,6-Nov-14,ARV,Adult,SCMS from RDC,"Lamivudine 150mg, tablets, 60 Tabs",Lamivudine,Generic,150mg,Tablet,60,980,1705.2,1.74,0.03,"Aurobindo Unit III, India",No,See DN-3843 (ID#:82707),See DN-3843 (ID#:82707),1.75
84750,900-UG-T30,FPQ-10048,SO-42620,DN-2824,Uganda,PMO - US,From RDC,N/A - From RDC,Air,6/6/2012,N/A - From RDC,30-Oct-12,30-Oct-12,30-Oct-12,ARV,Adult,SCMS from RDC,"Nevirapine 200mg, tablets, 60 Tabs",Nevirapine,Generic,200mg,Tablet,60,36000,87840.0,2.44,0.04,"Strides, Bangalore, India.",Yes,2026,10095.9,123.15
83764,104-CI-T30,FPQ-12800,SO-46391,DN-3548,Côte d'Ivoire,PMO - US,From RDC,N/A - From RDC,Air,8/9/2013,N/A - From RDC,28-Feb-14,18-Feb-14,4-Mar-14,ARV,Pediatric,SCMS from RDC,"Lamivudine/Zidovudine 30/60mg, tablets, 60 Tabs",Lamivudine/Zidovudine,Generic,30/60mg,Tablet - FDC,60,15000,32250.0,2.15,0.04,Mylan (formerly Matrix) Nashik,Yes,Weight Captured Separately,Invoiced Separately,39.89
269,108-VN-T01,Pre-PQ Process,SCMS-14190,ASN-1192,Vietnam,PMO - US,Direct Drop,EXW,Air,Pre-PQ Process,11/19/2007,21-Jan-08,21-Jan-08,21-Jan-08,ARV,Adult,"GILEAD SCIENCES IRELAND, INC.","Tenofovir Disoproxil Fumarate 300mg [Viread], tablets, 30 Tabs",Tenofovir Disoproxil Fumarate,Viread,300mg,Tablet,30,1000,17000.0,17.0,0.57,Gilead(Nycomed) Oranienburg DE,Yes,76,2282.57,27.2
40841,116-ZA-T30,FPQ-12522,SCMS-199283,ASN-27976,South Africa,PMO - US,Direct Drop,DDP,Truck,7/11/2013,8/27/2014,27-Aug-14,27-Aug-14,27-Aug-14,ARV,Adult,S. BUYS WHOLESALER,"Tenofovir Disoproxil Fumarate 300mg, tablets, 30 Tabs",Tenofovir Disoproxil Fumarate,Generic,300mg,Tablet,30,273,6169.93,22.6,0.75,"Aurobindo Unit III, India",No,Weight Captured Separately,Freight Included in Commodity Cost,7.63
67925,116-ZA-T30,FPQ-14942,SCMS-295800,ASN-33865,South Africa,PMO - US,Direct Drop,DDP,Truck,9/11/2014,8/24/2015,24-Aug-15,24-Aug-15,24-Aug-15,ARV,Adult,PHARMACY DIRECT,"Nevirapine 200mg, tablets, 60 Tabs",Nevirapine,Generic,200mg,Tablet,60,18,247.28,13.74,0.23,"Aurobindo Unit III, India",No,Weight Captured Separately,Freight Included in Commodity Cost,0.25
86072,111-MZ-T30,FPQ-13124,SO-47041,DN-3628,Mozambique,PMO - US,From RDC,N/A - From RDC,Truck,10/21/2013,N/A - From RDC,14-Jun-14,24-Jun-14,14-Jul-14,ARV,Adult,SCMS from RDC,"Efavirenz 600mg, tablets, 30 Tabs",Efavirenz,Generic,600mg,Tablet,30,63000,209790.0,3.33,0.11,"Strides, Bangalore, India.",No,See DN-3628 (ID#:83234),See DN-3628 (ID#:83234),215.66
84308,105-GY-T30,FPQ-12619,SO-46090,DN-3425,Guyana,PMO - US,From RDC,N/A - From RDC,Air,7/16/2013,N/A - From RDC,31-Dec-13,2-Dec-13,20-Dec-13,ARV,Pediatric,SCMS from RDC,"Efavirenz 200mg, scored tablets, 90 Tabs",Efavirenz,Generic,200mg,Tablet,90,96,892.8,9.3,0.1,"Strides, Bangalore, India.",No,See DN-3425 (ID#:82618),See DN-3425 (ID#:82618),1.1
83012,109-TZ-T30,FPQ-8303,SO-40510,DN-2537,Tanzania,PMO - US,From RDC,N/A - From RDC,Truck,8/22/2011,N/A - From RDC,30-Mar-12,12-Mar-12,12-Mar-12,ARV,Pediatric,SCMS from RDC,"Efavirenz 50mg, capsule, 30 Caps",Efavirenz,Generic,50mg,Capsule,30,24747,55433.28,2.24,0.07,"Aurobindo Unit III, India",Yes,1437,1698.83,91.46
78314,107-RW-T30,FPQ-5792,SCMS-75810,ASN-9743,Rwanda,PMO - US,Direct Drop,EXW,Air,6/7/2010,7/21/2010,17-Feb-11,17-Feb-11,17-Feb-11,HRDT,HIV test,"Orgenics, Ltd","HIV 1/2, Determine HIV Kit, without Lancets, 100 Tests","HIV 1/2, Determine HIV Kit, without Lancets",Determine,,Test kit,100,5000,388500.0,77.7,0.78,Inverness Japan,Yes,1134,15367.03,837.61
10737,117-ET-T01,Pre-PQ Process,SO-22020,DN-1052,Ethiopia,PMO - US,From RDC,N/A - From RDC,Air,Pre-PQ Process,N/A - From RDC,3-Mar-09,3-Mar-09,3-Mar-09,ARV,Adult,SCMS from RDC,"Efavirenz 600mg, tablets, 30 Tabs",Efavirenz,Generic,600mg,Tablet,30,28926,307194.12,10.62,0.35,Mylan (formerly Matrix) Nashik,Yes,4593,16901.37,602.1
84103,104-CI-T30,FPQ-6891,SO-38571,DN-2296,Côte d'Ivoire,PMO - US,From RDC,N/A - From RDC,Air,12/21/2010,N/A - From RDC,22-Jul-11,22-Jul-11,22-Jul-11,ARV,Adult,SCMS from RDC,"Abacavir/Lamivudine 600/300mg, scored tablets, 30 Tabs",Abacavir/Lamivudine,Generic,600/300mg,Tablet - FDC,30,1571,35347.5,22.5,0.75,Mylan (formerly Matrix) Nashik,Yes,151,3545.1,58.32
12825,130-NG-T01,Pre-PQ Process,SO-10550,DN-889,Nigeria,PMO - US,From RDC,N/A - From RDC,Air,Pre-PQ Process,N/A - From RDC,16-Sep-08,16-Sep-08,16-Sep-08,ARV,Adult,SCMS from RDC,"Lamivudine/Stavudine 150/30mg, tablets, 60 Tabs",Lamivudine/Stavudine,Generic,150/30mg,Tablet - FDC,60,784,3057.6,3.9,0.06,Mylan (formerly Matrix) Nashik,Yes,58,1102.98,4.89
54296,161-ZA-T30,FPQ-5648,SCMS-75750,ASN-9197,South Africa,PMO - US,Direct Drop,DDP,Ocean,6/2/2010,6/17/2010,1-Feb-11,1-Feb-11,1-Feb-11,ARV,Adult,Aurobindo Pharma Limited,"Efavirenz 600mg, tablets, 30 Tabs",Efavirenz,Generic,600mg,Tablet,30,32083,144694.33,4.51,0.15,"Aurobindo Unit III, India",Yes,2808,630.5,311.96
38843,103-CM-T30,FPQ-16474,SCMS-291910,ASN-33569,Cameroon,PMO - US,Direct Drop,EXW,Air,6/9/2015,6/25/2015,11-Aug-15,11-Aug-15,11-Aug-15,HRDT,HIV test,"Orgenics, Ltd","HIV 1/2, Determine Complete HIV Kit, 100 Tests","HIV 1/2, Determine Complete HIV Kit",Determine,,Test kit,100,120,9600.0,80.0,0.8,"Alere Medical Co., Ltd.",Yes,Weight Captured Separately,Invoiced Separately,11.3
83497,200-ZW-T30,FPQ-6483,SO-39280,DN-2179,Zimbabwe,PMO - US,From RDC,N/A - From RDC,Truck,10/13/2010,N/A - From RDC,4-Apr-11,20-May-11,20-May-11,ARV,Pediatric,SCMS from RDC,"Efavirenz 50mg, capsule, 30 Caps",Efavirenz,Generic,50mg,Capsule,30,3348,7499.52,2.24,0.07,"Aurobindo Unit III, India",No,See DN-2179 (ID#:82946),See DN-2179 (ID#:82946),16.17
82413,111-MZ-T30,FPQ-7053,SO-38642,DN-2392,Mozambique,PMO - US,From RDC,N/A - From RDC,Truck,1/24/2011,N/A - From RDC,14-Dec-11,14-Dec-11,14-Dec-11,ARV,Pediatric,SCMS from RDC,"Nevirapine 10mg/ml, oral suspension w/syringe, Bottle, 240 ml",Nevirapine,Generic,10mg/ml,Oral suspension,240,26337,51357.15,1.95,0.01,"Aurobindo Unit III, India",Yes,9931,6888.32,84.74
84474,151-NG-T30,FPQ-14989,SO-51426,DN-4280,Nigeria,PMO - US,From RDC,N/A - From RDC,Air Charter,9/19/2014,N/A - From RDC,30-Jun-15,15-May-15,22-May-15,ARV,Adult,SCMS from RDC,"Lamivudine/Nevirapine/Zidovudine 150/200/300mg, tablets, 60 Tabs",Lamivudine/Nevirapine/Zidovudine,Generic,150/300/200mg,Tablet - FDC,60,14000,108080.0,7.72,0.13,"Cipla, Goa, India",Yes,1983,4065,111.11
54562,102-KE-T30,FPQ-6116,SCMS-80830,ASN-7826,Kenya,PMO - US,Direct Drop,EXW,Air,7/23/2010,8/4/2010,20-Sep-10,20-Sep-10,20-Sep-10,HRDT,HIV test,"Trinity Biotech, Plc","HIV 1/2, Uni-Gold HIV Kit, 20 Tests","HIV 1/2, Uni-Gold HIV Kit",Uni-Gold,,Test kit,20,1515,48480.0,32.0,1.6,"Trinity Biotech, Plc",Yes,518,4851,104.52
2432,116-ZA-T01,Pre-PQ Process,SCMS-40860,ASN-3581,South Africa,PMO - US,Direct Drop,DDP,Air,Pre-PQ Process,Date Not Captured,23-Jun-09,29-Jan-09,29-Jan-09,ARV,Adult,S. BUYS WHOLESALER,"Lamivudine 150mg, tablets, 60 Tabs",Lamivudine,Generic,150mg,Tablet,60,6700,36582.0,5.46,0.09,"Aurobindo Unit III, India",Yes,Weight Captured Separately,Freight Included in Commodity Cost,71.7
25676,116-ZA-T30,FPQ-14942,SCMS-259077,ASN-33477,South Africa,PMO - US,Direct Drop,DDP,Truck,9/11/2014,10/9/2014,24-Jul-15,24-Jul-15,24-Jul-15,ARV,Adult,PHARMACY DIRECT,"Didanosine 250mg, delayed-release capsules, 30 Caps",Didanosine,Generic,250mg,Delayed-release capsules,30,5,55.08,11.02,0.37,"Aurobindo Unit III, India",Yes,Weight Captured Separately,Freight Included in Commodity Cost,0.06
59404,111-MZ-T30,FPQ-12686,SCMS-205490,ASN-22189,Mozambique,PMO - US,Direct Drop,EXW,Air,7/31/2013,9/11/2013,19-Nov-13,19-Nov-13,20-Dec-13,HRDT,HIV test,"Trinity Biotech, Plc","HIV 1/2, Uni-Gold HIV Kit, 20 Tests","HIV 1/2, Uni-Gold HIV Kit",Uni-Gold,,Test kit,20,675,21600.0,32.0,1.6,"Trinity Biotech, Plc",Yes,202,2908.88,26.72
74419,101-CD-T30,FPQ-8792,SCMS-131070,ASN-14078,"Congo, DRC",PMO - US,Direct Drop,EXW,Air,12/14/2011,1/9/2012,18-Jun-12,18-Jun-12,18-Jun-12,HRDT,HIV test,"Orgenics, Ltd","HIV 1/2, Determine Complete HIV Kit, 100 Tests","HIV 1/2, Determine Complete HIV Kit",Determine,,Test kit,100,1265,101200.0,80.0,0.8,"Alere Medical Co., Ltd.",Yes,657,15722.05,141.88
52756,102-BI-T30,FPQ-9231,SCMS-141800,ASN-14660,Burundi,PMO - US,Direct Drop,EXW,Air,2/17/2012,4/9/2012,5-Jun-12,5-Jun-12,5-Jun-12,HRDT,HIV test,"SHANGHAI KEHUA BIOENGINEERING CO.,LTD.  (KHB)","HIV 1/2, SKB Colloidal Gold, Diagnostic Kit, Antibody, 50 Tests","HIV 1/2, Colloidal Gold, Diagnostic Kit, Antibody",Colloidal Gold,,Test kit,1,23,563.5,24.5,24.5,"KHB Test Kit Facility, Shanghai China",Yes,21,1327.6,0.79
8438,102-BW-T01,Pre-PQ Process,SCMS-22700,ASN-1909,Botswana,PMO - US,Direct Drop,EXW,Air,Pre-PQ Process,4/28/2008,31-Jul-08,11-Jul-08,11-Jul-08,HRDT,HIV test - Ancillary,"Orgenics, Ltd","HIV, Lancet, Safety, for HIV Test kits, 100 Pcs","HIV, Lancet, Safety, for HIV Test kits, 100 Pcs",Generic,,Test kit - Ancillary,100,100,1.0,0.01,0.0,Inverness Japan,Yes,Weight Captured Separately,Invoiced Separately,0.0
60816,116-ZA-T30,FPQ-14942,SCMS-259075,ASN-32138,South Africa,PMO - US,Direct Drop,DDP,Truck,9/11/2014,5/11/2015,12-May-15,12-May-15,12-May-15,ARV,Adult,PHARMACY DIRECT,"Darunavir 600mg [Prezista], tablets, 60 Tabs",Darunavir,Prezista,600mg,Tablet,60,3,141.39,47.13,0.79,"Janssen-Cilag, Latina, IT",No,Weight Captured Separately,Freight Included in Commodity Cost,0.15
82415,151-NG-T30,FPQ-7812,SO-40723,DN-2395,Nigeria,PMO - US,From RDC,N/A - From RDC,Air Charter,6/6/2011,N/A - From RDC,5-Dec-11,13-Oct-11,13-Oct-11,ARV,Adult,SCMS from RDC,"Lamivudine/Nevirapine/Zidovudine 150/200/300mg, tablets, 60 Tabs",Lamivudine/Nevirapine/Zidovudine,Generic,150/300/200mg,Tablet - FDC,60,105160,1179895.2,11.22,0.19,"Aurobindo Unit III, India",Yes,28277,21326.73,1946.83
84686,151-NG-T30,FPQ-7812,SO-40728,DN-2451,Nigeria,PMO - US,From RDC,N/A - From RDC,Air Charter,6/6/2011,N/A - From RDC,20-Dec-11,18-Dec-11,18-Dec-11,ARV,Adult,SCMS from RDC,"Efavirenz 600mg, tablets, 30 Tabs",Efavirenz,Generic,600mg,Tablet,30,15802,66684.44,4.22,0.14,"Strides, Bangalore, India.",Yes,1086,15322.73,110.03
12294,106-HT-T01,Pre-PQ Process,SO-24832,DN-1278,Haiti,PMO - US,From RDC,N/A - From RDC,Air,Pre-PQ Process,N/A - From RDC,18-Jun-09,18-Jun-09,18-Jun-09,ARV,Pediatric,SCMS from RDC,"Efavirenz 50mg, capsule, 30 Caps",Efavirenz,Generic,50mg,Capsule,30,1428,3198.72,2.24,0.07,"Aurobindo Unit III, India",Yes,83,7789.85,6.27
11490,104-CI-T01,Pre-PQ Process,SO-1306,DN-441,Côte d'Ivoire,PMO - US,From RDC,N/A - From RDC,Air,Pre-PQ Process,N/A - From RDC,29-Nov-07,29-Nov-07,29-Nov-07,ARV,Adult,SCMS from RDC,"Lamivudine 150mg, tablets, 60 Tabs",Lamivudine,Generic,150mg,Tablet,60,70000,212800.0,3.04,0.05,"Aurobindo Unit III, India",Yes,3681,10666,340.48
25075,104-CI-T30,FPQ-14253,SCMS-243790,ASN-30570,Côte d'Ivoire,PMO - US,Direct Drop,EXW,Air,5/14/2014,7/9/2014,20-Feb-15,20-Feb-15,20-Feb-15,HRDT,HIV test,"CHEMBIO DIAGNOSTIC SYSTEMS, INC.","HIV 1/2, Stat-Pak HIV, Kit, 20 Tests","HIV 1/2, Stat-Pak HIV, Kit",Stat-Pak,,Test kit,20,2120,65720.0,31.0,1.55,Chembio Diagnostics Sys. Inc.,Yes,610,8231.14,67.56
83443,114-UG-T30,FPQ-5239,SO-36131,DN-1943,Uganda,PMO - US,From RDC,N/A - From RDC,Air,3/2/2010,N/A - From RDC,4-Aug-10,19-Jul-10,19-Jul-10,ARV,Adult,SCMS from RDC,"Emtricitabine/Tenofovir Disoproxil Fumarate 200/300mg, tablets, 30 Tabs",Emtricitabine/Tenofovir Disoproxil Fumarate,Generic,200/300mg,Tablet - FDC,30,703,8260.25,11.75,0.39,Mylan (formerly Matrix) Nashik,Yes,301,4758.36,17.81
82550,113-ZW-T30,FPQ-10895,SO-43540,DN-3031,Zimbabwe,PMO - US,From RDC,N/A - From RDC,Truck,10/25/2012,N/A - From RDC,15-Mar-13,14-Mar-13,14-Mar-13,ARV,Adult,SCMS from RDC,"Efavirenz/Lamivudine/Tenofovir Disoproxil Fumarate 600/300/300mg, tablets, 30 Tabs",Efavirenz/Lamivudine/Tenofovir Disoproxil Fumarate,Generic,600/300/300mg,Tablet - FDC,30,20160,244137.6,12.11,0.4,Mylan (formerly Matrix) Nashik,Yes,2268,9405.81,302.0
12929,102-KE-T30,FPQ-4587,SCMS-58380,ASN-5901,Kenya,PMO - US,Direct Drop,EXW,Air,11/18/2009,12/2/2009,16-Feb-10,19-Feb-10,19-Feb-10,HRDT,HIV test,"Orgenics, Ltd","HIV 1/2, Determine Complete HIV Kit, 100 Tests","HIV 1/2, Determine Complete HIV Kit",Determine,,Test kit,100,1,80.0,80.0,0.8,Inverness Japan,Yes,1028,10083.69,0.17
46590,108-VN-T30,FPQ-5094,SCMS-68580,ASN-7284,Vietnam,PMO - US,Direct Drop,EXW,Air,3/15/2010,3/24/2010,21-Jul-10,21-Jul-10,21-Jul-10,ARV,Adult,MYLAN LABORATORIES LTD (FORMERLY MATRIX LABORATORIES),"Efavirenz 600mg, tablets, 30 Tabs",Efavirenz,Generic,600mg,Tablet,30,63421,272710.3,4.3,0.14,Mylan (formerly Matrix) Nashik,Yes,5101,13241.08,587.96
24999,107-RW-T30,FPQ-3859,SCMS-48871,ASN-5799,Rwanda,PMO - US,Direct Drop,CIP,Air,6/30/2009,12/8/2009,27-Jan-10,27-Jan-10,27-Jan-10,ARV,Adult,Aurobindo Pharma Limited,"Tenofovir Disoproxil Fumarate 300mg, tablets, 30 Tabs",Tenofovir Disoproxil Fumarate,Generic,300mg,Tablet,30,1630,13952.8,8.56,0.29,"Aurobindo Unit III, India",Yes,153,2483.49,27.35
533,116-ZA-T01,Pre-PQ Process,SCMS-23500,ASN-2293,South Africa,PMO - US,Direct Drop,DDP,Truck,Pre-PQ Process,Date Not Captured,20-Aug-08,8-May-08,8-May-08,ARV,Pediatric,S. BUYS WHOLESALER,"Stavudine 1mg/ml [Zerit], powder for oral solution, Bottle, 200 ml",Stavudine,Zerit,1mg/ml,Powder for oral solution,200,670,1025.1,1.53,0.01,"BMS Meymac, France",No,Weight Captured Separately,Freight Included in Commodity Cost,1.64
82810,114-UG-T30,FPQ-15294,SO-50052,DN-4309,Uganda,PMO - US,From RDC,N/A - From RDC,Truck,11/3/2014,N/A - From RDC,31-Jul-15,23-Jul-15,23-Jul-15,ARV,Adult,SCMS from RDC,"Lopinavir/Ritonavir 200/50mg [Aluvia], tablets, 120 Tabs",Lopinavir/Ritonavir,Aluvia,200/50mg,Tablet,120,27048,504174.72,18.64,0.16,ABBVIE Ludwigshafen Germany,No,See DN-4309 (ID#:82809),See DN-4309 (ID#:82809),593.41
85925,101-CD-T30,FPQ-11054,SO-43680,DN-2981,"Congo, DRC",PMO - US,From RDC,N/A - From RDC,Air,11/16/2012,N/A - From RDC,11-Sep-13,11-Sep-13,11-Sep-13,ARV,Adult,SCMS from RDC,"Lamivudine/Nevirapine/Zidovudine 150/200/300mg, tablets, 60 Tabs",Lamivudine/Nevirapine/Zidovudine,Generic,150/300/200mg,Tablet - FDC,60,24391,218787.27,8.97,0.15,"Aurobindo Unit III, India",No,See DN-2981 (ID#:82538),See DN-2981 (ID#:82538),270.64
85141,151-NG-T30,FPQ-5023,SO-36469,DN-1991,Nigeria,PMO - US,From RDC,N/A - From RDC,Air Charter,2/10/2010,N/A - From RDC,12-Aug-10,17-Aug-10,17-Aug-10,ARV,Adult,SCMS from RDC,"Nevirapine 200mg, tablets, 60 Tabs",Nevirapine,Generic,200mg,Tablet,60,3322,9069.06,2.73,0.05,"Aurobindo Unit III, India",Yes,377,6147.18,19.55
2146,117-ET-T01,Pre-PQ Process,SCMS-32630,ASN-3155,Ethiopia,PMO - US,Direct Drop,EXW,Air,Pre-PQ Process,10/27/2008,26-Jan-09,20-Jan-09,20-Jan-09,HRDT,HIV test,"SHANGHAI KEHUA BIOENGINEERING CO.,LTD.  (KHB)","HIV 1/2, SKB Colloidal Gold, Diagnostic Kit, Antibody, 50 Tests","HIV 1/2, Colloidal Gold, Diagnostic Kit, Antibody",Colloidal Gold,,Test kit,1,3470,79810.0,23.0,23.0,"KHB Test Kit Facility, Shanghai China",Yes,2509,19882.25,156.43
49366,161-ZA-T30,FPQ-6262,SCMS-83790,ASN-9479,South Africa,PMO - US,Direct Drop,DDP,Ocean,8/31/2010,9/24/2010,31-Jan-11,4-Mar-11,4-Mar-11,ARV,Adult,Aurobindo Pharma Limited,"Lamivudine 150mg, tablets, 60 Tabs",Lamivudine,Generic,150mg,Tablet,60,76554,181432.98,2.37,0.04,"Aurobindo Unit III, India",Yes,Weight Captured Separately,Freight Included in Commodity Cost,391.17
12688,104-CI-T01,Pre-PQ Process,SO-959,DN-320,Côte d'Ivoire,PMO - US,From RDC,N/A - From RDC,,Pre-PQ Process,N/A - From RDC,30-Aug-07,30-Aug-07,30-Aug-07,ARV,Adult,SCMS from RDC,"Abacavir 300mg, tablets, 60 Tabs",Abacavir,Generic,300mg,Tablet,60,6000,165180.0,27.53,0.46,"Cipla, Patalganga, India",No,See DN-320 (ID#:10593),See DN-320 (ID#:10593),264.29
59991,110-ZM-T30,FPQ-9074,SCMS-134370,ASN-13884,Zambia,PMO - US,Direct Drop,EXW,Air,12/22/2011,1/24/2012,14-Mar-12,14-Mar-12,14-Mar-12,ARV,Adult,Aurobindo Pharma Limited,"Emtricitabine/Tenofovir Disoproxil Fumarate 200/300mg, tablets, 30 Tabs",Emtricitabine/Tenofovir Disoproxil Fumarate,Generic,200/300mg,Tablet - FDC,30,100000,735000.0,7.35,0.24,"Aurobindo Unit III, India",Yes,9390,45118.64,1030.47
11096,100-BW-T01,Pre-PQ Process,SO-425,DN-91,Botswana,PMO - US,From RDC,N/A - From RDC,,Pre-PQ Process,N/A - From RDC,27-Apr-07,27-Apr-07,27-Apr-07,HRDT,HIV test,SCMS from RDC,"HIV 1/2, Determine Complete HIV Kit, 100 Tests","HIV 1/2, Determine Complete HIV Kit",Determine,,Test kit,100,100,8000.0,80.0,0.8,ABBVIE GmbH & Co.KG Wiesbaden,Yes,32,695.23,
86382,114-UG-T30,FPQ-7162,SO-39330,DN-2192,Uganda,PMO - US,From RDC,N/A - From RDC,Truck,2/14/2011,N/A - From RDC,11-May-11,24-May-11,24-May-11,ARV,Adult,SCMS from RDC,"Lamivudine/Zidovudine 150/300mg, tablets, 60 Tabs",Lamivudine/Zidovudine,Generic,150/300mg,Tablet - FDC,60,14893,123016.18,8.26,0.14,"Aurobindo Unit III, India",No,See DN-2192 (ID#:85184),See DN-2192 (ID#:85184),202.98
67150,119-NA-T30,FPQ-4857,SCMS-62731,ASN-7211,Namibia,PMO - US,Direct Drop,EXW,Air,1/7/2010,1/8/2010,30-Jun-10,30-Jun-10,30-Jun-10,HRDT,HIV test,"Trinity Biotech, Plc","HIV 1/2, Uni-Gold HIV Kit, 20 Tests","HIV 1/2, Uni-Gold HIV Kit",Uni-Gold,,Test kit,20,500,16000.0,32.0,1.6,"Trinity Biotech, Plc",Yes,170,1691.15,34.5
83272,111-MZ-T30,FPQ-13394,SO-47460,DN-3872,Mozambique,PMO - US,From RDC,N/A - From RDC,Truck,12/9/2013,N/A - From RDC,30-Sep-14,27-Oct-14,7-Nov-14,ARV,Adult,SCMS from RDC,"Lamivudine/Nevirapine/Zidovudine 150/200/300mg, tablets, 60 Tabs",Lamivudine/Nevirapine/Zidovudine,Generic,150/300/200mg,Tablet - FDC,60,85490,693323.9,8.11,0.14,"Cipla, Goa, India",No,See DN-3872 (ID#:82726),See DN-3872 (ID#:82726),712.74
83262,104-CI-T30,FPQ-13628,SO-47880,DN-3803,Côte d'Ivoire,PMO - US,From RDC,N/A - From RDC,Truck,1/29/2014,N/A - From RDC,28-Nov-14,9-Jul-14,7-Aug-14,ARV,Adult,SCMS from RDC,"Lamivudine/Tenofovir Disoproxil Fumarate 300/300mg, tablets, 30 Tabs",Lamivudine/Tenofovir Disoproxil Fumarate,Generic,300/300mg,Tablet - FDC,30,10000,46300.0,4.63,0.15,Hetero Unit III Hyderabad IN,No,See DN-3803 (ID#:83260),See DN-3803 (ID#:83260),47.6
11863,131-NG-T01,Pre-PQ Process,SO-2579,DN-740,Nigeria,PMO - US,From RDC,N/A - From RDC,Air,Pre-PQ Process,N/A - From RDC,20-May-08,20-May-08,20-May-08,ARV,Adult,SCMS from RDC,"Emtricitabine/Tenofovir Disoproxil Fumarate 200/300mg [Truvada], tablets, 30 Tabs",Emtricitabine/Tenofovir Disoproxil Fumarate,Truvada,300/200mg,Tablet - FDC,30,641,16826.25,26.25,0.88,"Aspen-OSD, Port Elizabeth, SA",Yes,58,1110.5,26.92
84231,113-ZW-T30,FPQ-10895,SO-43580,DN-3033,Zimbabwe,PMO - US,From RDC,N/A - From RDC,Truck,10/25/2012,N/A - From RDC,31-Mar-13,14-Mar-13,14-Mar-13,ARV,Adult,SCMS from RDC,"Lamivudine/Zidovudine 150/300mg, tablets, 60 Tabs",Lamivudine/Zidovudine,Generic,150/300mg,Tablet - FDC,60,4800,34896.0,7.27,0.12,"Aurobindo Unit III, India",No,See DN-3033 (ID#:83658),See DN-3033 (ID#:83658),43.17
67739,104-CI-T30,FPQ-14068,SCMS-237930,ASN-26334,Côte d'Ivoire,PMO - US,Direct Drop,EXW,Air,4/22/2014,5/7/2014,11-Jun-14,11-Jun-14,12-Jun-14,ARV,Adult,Aurobindo Pharma Limited,"Didanosine 250mg, delayed-release capsules, 30 Caps",Didanosine,Generic,250mg,Delayed-release capsules,30,1984,15038.72,7.58,0.25,"Aurobindo Unit III, India",Yes,46,1899.89,15.46
14410,112-NG-T30,FPQ-6124,SCMS-93420,ASN-9751,Nigeria,PMO - US,Direct Drop,EXW,Air,7/29/2010,12/7/2010,28-Feb-11,28-Feb-11,28-Feb-11,ACT,ACT,NOVARTIS PHARMA SERVICES AG,"Artemether/Lumefantrine 20/120mg [Coartem], scored tablets, Blister 30 x 24 Tabs",Artemether/Lumefantrine,Coartem,20/120mg,Tablet - FDC + blister,720,1245,48555.0,39.0,0.05,"Novartis Pharma Suffern, USA",Yes,859,5810.56,104.68
62603,116-ZA-T30,FPQ-14942,SCMS-259075,ASN-32121,South Africa,PMO - US,Direct Drop,DDP,Truck,9/11/2014,5/11/2015,12-May-15,12-May-15,12-May-15,ARV,Adult,PHARMACY DIRECT,"Darunavir 600mg [Prezista], tablets, 60 Tabs",Darunavir,Prezista,600mg,Tablet,60,1,47.13,47.13,0.79,"Janssen-Cilag, Latina, IT",No,Weight Captured Separately,Freight Included in Commodity Cost,0.05
3357,116-ZA-T01,Pre-PQ Process,SCMS-28830,ASN-2502,South Africa,PMO - US,Direct Drop,DDP,Truck,Pre-PQ Process,Date Not Captured,25-Aug-08,18-Aug-08,18-Aug-08,ARV,Pediatric,S. BUYS WHOLESALER,"Zidovudine 10mg/ml [Retrovir], oral solution, Bottle, 200 ml",Zidovudine,Retrovir,10mg/ml,Oral solution,200,60,360.6,6.01,0.03,GSK Mississauga (Canada),Yes,Weight Captured Separately,Freight Included in Commodity Cost,0.58
40365,106-HT-T30,FPQ-15038,SCMS-262840,ASN-31821,Haiti,PMO - US,Direct Drop,EXW,Ocean,10/22/2014,12/24/2014,3-Jul-15,3-Jul-15,13-Jul-15,ARV,Pediatric,MYLAN LABORATORIES LTD (FORMERLY MATRIX LABORATORIES),"Lamivudine/Zidovudine 30/60mg, tablets, 60 Tabs",Lamivudine/Zidovudine,Generic,30/60mg,Tablet - FDC,60,6000,11940.0,1.99,0.03,Mylan (formerly Matrix) Nashik,Yes,Weight Captured Separately,Invoiced Separately,12.27
84873,107-RW-T30,FPQ-12190,SO-45381,DN-3453,Rwanda,PMO - US,From RDC,N/A - From RDC,Truck,5/6/2013,N/A - From RDC,17-Jan-14,17-Jan-14,27-Jan-14,ARV,Adult,SCMS from RDC,"Efavirenz/Lamivudine/Tenofovir Disoproxil Fumarate 600/300/300mg, tablets, 30 Tabs",Efavirenz/Lamivudine/Tenofovir Disoproxil Fumarate,Generic,600/300/300mg,Tablet - FDC,30,64500,719175.0,11.15,0.37,Mylan (formerly Matrix) Nashik,Yes,7248,11571.94,889.62
10704,106-HT-T01,Pre-PQ Process,SO-2600,DN-775,Haiti,PMO - US,From RDC,N/A - From RDC,Air,Pre-PQ Process,N/A - From RDC,27-Jun-08,27-Jun-08,27-Jun-08,ARV,Adult,SCMS from RDC,"Zidovudine 300mg, tablets, 60 Tabs",Zidovudine,Generic,300mg,Tablet,60,3150,25672.5,8.15,0.14,"Aurobindo Unit III, India",Yes,181,2944.21,41.08
83097,104-CI-T30,FPQ-10405,SO-42980,DN-2958,Côte d'Ivoire,PMO - US,From RDC,N/A - From RDC,Truck,7/24/2012,N/A - From RDC,1-Feb-13,14-Jan-13,14-Jan-13,ARV,Pediatric,SCMS from RDC,"Lamivudine/Zidovudine 30/60mg, tablets, 60 Tabs",Lamivudine/Zidovudine,Generic,30/60mg,Tablet - FDC,60,3952,10907.52,2.76,0.05,"Aurobindo Unit III, India",Yes,2705,9879.25,15.29
24819,105-GY-T30,FPQ-10249,SCMS-153880,ASN-16583,Guyana,PMO - US,Direct Drop,EXW,Air,7/5/2012,7/26/2012,15-Oct-12,15-Oct-12,15-Oct-12,HRDT,HIV test,"Orgenics, Ltd","HIV 1/2, Determine Complete HIV Kit, 100 Tests","HIV 1/2, Determine Complete HIV Kit",Determine,,Test kit,100,564,56400.0,100.0,1.0,"Alere Medical Co., Ltd.",Yes,272,8128.95,79.07
3153,102-BW-T01,Pre-PQ Process,SCMS-22730,ASN-1939,Botswana,PMO - US,Direct Drop,EXW,Air,Pre-PQ Process,4/28/2008,31-Jul-08,7-Jul-08,7-Jul-08,HRDT,HIV test - Ancillary,"Orgenics, Ltd","HIV, Lancet, Safety, for HIV Test kits, 100 Pcs","HIV, Lancet, Safety, for HIV Test kits, 100 Pcs",Generic,,Test kit - Ancillary,100,100,1.0,0.01,0.0,Inverness Japan,Yes,Weight Captured Separately,Invoiced Separately,0.0
85840,110-ZM-T30,FPQ-9186,SO-41411,DN-2577,Zambia,PMO - US,From RDC,N/A - From RDC,Truck,1/16/2012,N/A - From RDC,8-May-12,27-Feb-12,27-Feb-12,ARV,Adult,SCMS from RDC,"Efavirenz 600mg, tablets, 30 Tabs",Efavirenz,Generic,600mg,Tablet,30,99714,410821.68,4.12,0.14,"Strides, Bangalore, India.",Yes,6005,5447.21,575.97
84947,111-MZ-T30,FPQ-14226,SO-48883,DN-3875,Mozambique,PMO - US,From RDC,N/A - From RDC,Truck,5/2/2014,N/A - From RDC,31-Dec-14,30-Oct-14,7-Nov-14,ARV,Adult,SCMS from RDC,"Efavirenz 600mg, tablets, 30 Tabs",Efavirenz,Generic,600mg,Tablet,30,8283,26588.43,3.21,0.11,"Cipla, Goa, India",No,See DN-3875 (ID#:83255),See DN-3875 (ID#:83255),27.33
82379,106-HT-T30,FPQ-6484,SO-37790,DN-2186,Haiti,PMO - US,From RDC,N/A - From RDC,Air,10/13/2010,N/A - From RDC,14-Apr-11,4-May-11,4-May-11,ARV,Pediatric,SCMS from RDC,"Zidovudine 100mg, capsules, 100 Caps",Zidovudine,Generic,100mg,Capsule,100,1242,6011.28,4.84,0.05,"Aurobindo Unit III, India",Yes,260,2452.54,12.96
65091,103-ZW-T30,FPQ-15220,SCMS-261580,ASN-31449,Zimbabwe,PMO - US,Direct Drop,FCA,Air,10/27/2014,10/30/2014,22-Apr-15,22-Apr-15,23-Apr-15,ARV,Pediatric,ABBVIE LOGISTICS (FORMERLY ABBOTT LOGISTICS BV),"Lopinavir/Ritonavir 100/25mg [Aluvia], tablets, 60 Tabs",Lopinavir/Ritonavir,Generic,100/25mg,Tablet,60,14322,85072.68,5.94,0.1,ABBVIE Ludwigshafen Germany,No,See ASN-31449 (ID#:41304),See ASN-31449 (ID#:41304),100.13
12078,107-RW-T01,Pre-PQ Process,SO-814,DN-263,Rwanda,PMO - US,From RDC,N/A - From RDC,Air,Pre-PQ Process,N/A - From RDC,6-Aug-07,6-Aug-07,6-Aug-07,ARV,Adult,SCMS from RDC,"Indinavir 400mg [Crixivan], capsules, 180 Caps",Indinavir,Crixivan,400mg,Capsule,180,112,5600.0,50.0,0.28,MSD Elkton USA,Yes,24,1161,8.96
21568,104-CI-T30,FPQ-7325,SCMS-106580,ASN-11773,Côte d'Ivoire,PMO - US,Direct Drop,EXW,Air,3/9/2011,5/5/2011,12-Sep-11,12-Sep-11,12-Sep-11,HRDT,HIV test,"Standard Diagnostics, Inc.","HIV 1/2, Bioline 3.0 Kit, Lancets, Capillary pipets, Alcohol swabs included, 25 Tests","HIV 1/2, Bioline 3.0 Kit, Lancets, Capillary pipets, Alcohol swabs included",Bioline,,Test kit,25,1209,24180.0,20.0,0.8,"Standard Diagnostics, Korea",Yes,403,5639.42,39.9
83224,106-HT-T30,FPQ-13608,SO-47690,DN-3586,Haiti,PMO - US,From RDC,N/A - From RDC,Air,1/22/2014,N/A - From RDC,30-Mar-14,24-Mar-14,6-May-14,ARV,Adult,SCMS from RDC,"Tenofovir Disoproxil Fumarate 300mg, tablets, 30 Tabs",Tenofovir Disoproxil Fumarate,Generic,300mg,Tablet,30,60,242.4,4.04,0.13,Mylan (formerly Matrix) Nashik,Yes,6528,63922.3,0.25
20133,114-UG-T30,FPQ-4185,SCMS-54140,ASN-5318,Uganda,PMO - US,Direct Drop,FCA,Air,9/8/2009,9/30/2009,4-Nov-09,4-Nov-09,4-Nov-09,ARV,Adult,ABBVIE LOGISTICS (FORMERLY ABBOTT LOGISTICS BV),"Lopinavir/Ritonavir 200/50mg [Aluvia], tablets, 120 Tabs",Lopinavir/Ritonavir,Aluvia,200/50mg,Tablet,120,60,2169.6,36.16,0.3,ABBVIE Ludwigshafen Germany,Yes,36,814.04,4.25
12866,151-NG-T01,Pre-PQ Process,SO-21806,DN-1140,Nigeria,PMO - US,From RDC,N/A - From RDC,Air Charter,Pre-PQ Process,N/A - From RDC,19-Mar-09,19-Mar-09,19-Mar-09,ARV,Adult,SCMS from RDC,"Lamivudine/Nevirapine/Zidovudine 150/200/300mg, tablets, 60 Tabs",Lamivudine/Nevirapine/Zidovudine,Generic,150/300/200mg,Tablet - FDC,60,67842,773398.8,11.4,0.19,"Aurobindo Unit III, India",Yes,7627,11492.86,1515.86
79173,108-VN-T30,FPQ-15692,SCMS-274370,ASN-32258,Vietnam,PMO - US,Direct Drop,EXW,Air,1/28/2015,2/17/2015,13-Jul-15,13-Jul-15,14-Jul-15,ARV,Adult,HETERO LABS LIMITED,"Efavirenz/Lamivudine/Tenofovir Disoproxil Fumarate 600/300/300mg, tablets, 30 Tabs",Efavirenz/Lamivudine/Tenofovir Disoproxil Fumarate,Generic,600/300/300mg,Tablet - FDC,30,5120,51200.0,10.0,0.33,Hetero Unit III Hyderabad IN,No,See ASN-32258 (ID#:29880),See ASN-32258 (ID#:29880),60.26
84028,106-HT-T30,FPQ-5523,SO-36770,DN-1965,Haiti,PMO - US,From RDC,N/A - From RDC,Air,4/19/2010,N/A - From RDC,24-Aug-10,23-Aug-10,23-Aug-10,ARV,Adult,SCMS from RDC,"Zidovudine 300mg, tablets, 60 Tabs",Zidovudine,Generic,300mg,Tablet,60,2280,16438.8,7.21,0.12,"Aurobindo Unit III, India",Yes,123,2136.1,35.44
83474,106-HT-T30,FPQ-6484,SO-37760,DN-2073,Haiti,PMO - US,From RDC,N/A - From RDC,Air,10/13/2010,N/A - From RDC,20-Dec-10,5-Jan-11,5-Jan-11,ARV,Adult,SCMS from RDC,"Stavudine 15mg, capsules, 60 Caps",Stavudine,Generic,15mg,Capsule,60,168,252.0,1.5,0.02,"Aurobindo Unit III, India",No,See DN-2073 (ID#:82362),See DN-2073 (ID#:82362),0.54
57701,103-SS-T30,FPQ-13172,SCMS-213420,ASN-23156,South Sudan,PMO - US,Direct Drop,EXW,Air,10/28/2013,11/6/2013,27-Feb-14,27-Feb-14,4-Mar-14,HRDT,HIV test,"Orgenics, Ltd","HIV 1/2, Determine Complete HIV Kit, 100 Tests","HIV 1/2, Determine Complete HIV Kit",Determine,,Test kit,100,694,61766.0,89.0,0.89,"Alere Medical Co., Ltd.",Yes,285,4350.03,63.5
29983,116-ZA-T30,FPQ-13973,SCMS-238550,ASN-30792,South Africa,PMO - US,Direct Drop,DDP,Truck,4/30/2014,5/8/2014,19-Feb-15,19-Feb-15,19-Feb-15,ARV,Adult,PHARMACY DIRECT,"Emtricitabine/Tenofovir Disoproxil Fumarate 200/300mg, tablets, 30 Tabs",Emtricitabine/Tenofovir Disoproxil Fumarate,Generic,200/300mg,Tablet - FDC,30,3,90.63,30.21,1.01,"Aurobindo Unit III, India",No,Weight Captured Separately,Freight Included in Commodity Cost,0.09
86464,113-ZW-T30,FPQ-8464,SO-40850,DN-2605,Zimbabwe,PMO - US,From RDC,N/A - From RDC,Truck,10/4/2011,N/A - From RDC,13-Apr-12,10-Apr-12,10-Apr-12,ARV,Adult,SCMS from RDC,"Efavirenz 600mg, tablets, 30 Tabs",Efavirenz,Generic,600mg,Tablet,30,17422,71778.64,4.12,0.14,"Strides, Bangalore, India.",No,See DN-2605 (ID#:82467),See DN-2605 (ID#:82467),118.43
52364,114-UG-T30,FPQ-14407,SCMS-244450,ASN-28699,Uganda,PMO - US,Direct Drop,FCA,Air,6/11/2014,6/23/2014,6-Nov-14,6-Nov-14,7-Nov-14,ARV,Pediatric,ABBVIE LOGISTICS (FORMERLY ABBOTT LOGISTICS BV),"Lopinavir/Ritonavir 100/25mg [Aluvia], tablets, 60 Tabs",Lopinavir/Ritonavir,Generic,100/25mg,Tablet,60,724,4300.56,5.94,0.1,ABBVIE Ludwigshafen Germany,Yes,82,1042.36,4.42
11678,114-UG-T01,Pre-PQ Process,SO-32920,DN-1397,Uganda,PMO - US,From RDC,N/A - From RDC,Air,Date Not Captured,N/A - From RDC,24-Aug-09,24-Aug-09,24-Aug-09,ARV,Adult,SCMS from RDC,"Nevirapine 200mg, tablets, 60 Tabs",Nevirapine,Generic,200mg,Tablet,60,4564,13235.6,2.9,0.05,"Aurobindo Unit III, India",Yes,847,4999.48,25.94
68627,116-ZA-T30,FPQ-3596,SCMS-50363,ASN-6113,South Africa,PMO - US,Direct Drop,DDP,Truck,5/7/2009,9/22/2009,27-Jan-10,27-Jan-10,27-Jan-10,ARV,Adult,S. BUYS WHOLESALER,"Stavudine 30mg, capsules, 60 Caps",Stavudine,Generic,30mg,Capsule,60,3000,13863.09,4.62,0.08,"Aurobindo Unit III, India",Yes,Weight Captured Separately,Freight Included in Commodity Cost,27.17
10750,123-NG-T01,Pre-PQ Process,SO-11232,DN-958,Nigeria,PMO - US,From RDC,N/A - From RDC,Air,Pre-PQ Process,N/A - From RDC,31-Oct-08,31-Oct-08,31-Oct-08,ARV,Adult,SCMS from RDC,"Lopinavir/Ritonavir 200/50mg [Aluvia], tablets, 120 Tabs",Lopinavir/Ritonavir,Aluvia,200/50mg,Tablet,120,2034,83597.4,41.1,0.34,ABBVIE Ludwigshafen Germany,Yes,937,10990.36,163.85
86423,114-UG-T30,FPQ-8520,SO-40911,DN-2435,Uganda,PMO - US,From RDC,N/A - From RDC,Truck,10/5/2011,N/A - From RDC,9-Jan-12,1-Dec-11,1-Dec-11,ARV,Adult,SCMS from RDC,"Lamivudine/Nevirapine/Zidovudine 150/200/300mg, tablets, 60 Tabs",Lamivudine/Nevirapine/Zidovudine,Generic,150/300/200mg,Tablet - FDC,60,35000,385000.0,11.0,0.18,Mylan (formerly Matrix) Nashik,No,See DN-2435 (ID#:84121),See DN-2435 (ID#:84121),635.25
86378,200-ZW-T30,FPQ-6483,SO-39290,DN-2180,Zimbabwe,PMO - US,From RDC,N/A - From RDC,Truck,10/13/2010,N/A - From RDC,20-Apr-11,20-May-11,20-May-11,ARV,Pediatric,SCMS from RDC,"Lamivudine/Zidovudine 30/60mg, tablets, 60 Tabs",Lamivudine/Zidovudine,Generic,30/60mg,Tablet - FDC,60,1884,6123.0,3.25,0.05,"Aurobindo Unit III, India",No,See DN-2180 (ID#:85755),See DN-2180 (ID#:85755),13.2
70582,101-CD-T30,FPQ-16001,SCMS-280220,ASN-32231,"Congo, DRC",PMO - US,Direct Drop,EXW,Air,3/10/2015,3/17/2015,23-Jul-15,23-Jul-15,29-Jul-15,HRDT,HIV test,"Orgenics, Ltd","HIV 1/2, Determine Complete HIV Kit, 100 Tests","HIV 1/2, Determine Complete HIV Kit",Determine,,Test kit,100,56,4480.0,80.0,0.8,"Alere Medical Co., Ltd.",No,See ASN-32231 (ID#:13648),See ASN-32231 (ID#:13648),5.27
85032,151-NG-T30,FPQ-14989,SO-49937,DN-4263,Nigeria,PMO - US,From RDC,N/A - From RDC,Air Charter,9/19/2014,N/A - From RDC,30-Jun-15,29-Apr-15,29-Apr-15,ARV,Pediatric,SCMS from RDC,"Lamivudine/Nevirapine/Zidovudine 30/50/60mg, dispersible tablets, 60 Tabs",Lamivudine/Nevirapine/Zidovudine,Generic,30/50/60mg,Chewable/dispersible tablet - FDC,60,13660,49176.0,3.6,0.06,Mylan (formerly Matrix) Nashik,Yes,849,1871.34,50.55
12552,114-UG-T01,Pre-PQ Process,SO-17900,DN-987,Uganda,PMO - US,From RDC,N/A - From RDC,Air,Pre-PQ Process,N/A - From RDC,6-Jan-09,6-Jan-09,6-Jan-09,ARV,Adult,SCMS from RDC,"Lamivudine/Stavudine 150/30mg, tablets, 30 Tabs",Lamivudine/Stavudine,Generic,150/30mg,Tablet - FDC,30,938,1876.0,2.0,0.07,"Cipla, Goa, India",No,See DN-987 (ID#:12252),See DN-987 (ID#:12252),3.68
48155,108-VN-T30,FPQ-6384,SCMS-87780,ASN-9408,Vietnam,PMO - US,Direct Drop,EXW,Air,9/30/2010,10/18/2010,16-Feb-11,16-Feb-11,16-Feb-11,ARV,Adult,HETERO LABS LIMITED,"Zidovudine 300mg, tablets, 60 Tabs",Zidovudine,Generic,300mg,Tablet,60,1008,7005.6,6.95,0.12,Hetero Unit III Hyderabad IN,No,See ASN-9408 (ID#:39263),See ASN-9408 (ID#:39263),15.1
11436,104-CI-T01,Pre-PQ Process,SO-959,DN-320,Côte d'Ivoire,PMO - US,From RDC,N/A - From RDC,,Pre-PQ Process,N/A - From RDC,30-Aug-07,30-Aug-07,30-Aug-07,ARV,Adult,SCMS from RDC,"Lopinavir/Ritonavir 200/50mg [Aluvia], tablets, 120 Tabs",Lopinavir/Ritonavir,Aluvia,200/50mg,Tablet,120,726,29838.6,41.1,0.34,ABBVIE Ludwigshafen Germany,No,See DN-320 (ID#:10593),See DN-320 (ID#:10593),47.74
84505,105-GY-T30,FPQ-4438,SO-34480,DN-1505,Guyana,PMO - US,From RDC,N/A - From RDC,Air,10/15/2009,N/A - From RDC,23-Nov-09,3-Nov-09,3-Nov-09,ARV,Adult,SCMS from RDC,"Lamivudine 150mg, tablets, 60 Tabs",Lamivudine,Generic,150mg,Tablet,60,455,1110.2,2.44,0.04,"Aurobindo Unit III, India",No,See DN-1505 (ID#:84504),See DN-1505 (ID#:84504),2.39
10589,111-MZ-T01,Pre-PQ Process,SO-298,DN-304,Mozambique,PMO - US,From RDC,N/A - From RDC,Air,Pre-PQ Process,N/A - From RDC,21-Sep-07,21-Sep-07,21-Sep-07,ARV,Pediatric,SCMS from RDC,"Abacavir 20mg/ml, oral solution, Bottle, 240 ml",Abacavir,Generic,20mg/ml,Oral solution,240,338,7114.9,21.05,0.09,"Aurobindo Unit III, India",Yes,9006,9869.55,11.38
17648,161-ZA-T30,FPQ-6262,SCMS-83770,ASN-9941,South Africa,PMO - US,Direct Drop,DDP,Ocean,8/31/2010,9/24/2010,26-Apr-11,26-Apr-11,26-Apr-11,ARV,Adult,Aurobindo Pharma Limited,"Lamivudine 150mg, tablets, 60 Tabs",Lamivudine,Generic,150mg,Tablet,60,152535,361507.95,2.37,0.04,"Aurobindo Unit III, India",Yes,7698,11372.23,779.41
85249,114-UG-T30,FPQ-8522,SO-40931,DN-2607,Uganda,PMO - US,From RDC,N/A - From RDC,Truck,10/5/2011,N/A - From RDC,16-May-12,27-Mar-12,27-Mar-12,ARV,Adult,SCMS from RDC,"Lamivudine/Nevirapine/Zidovudine 150/200/300mg, tablets, 60 Tabs",Lamivudine/Nevirapine/Zidovudine,Generic,150/300/200mg,Tablet - FDC,60,12762,140382.0,11.0,0.18,Mylan (formerly Matrix) Nashik,No,See DN-2607 (ID#:83580),See DN-2607 (ID#:83580),231.63
12131,112-NG-T01,Pre-PQ Process,SO-567,DN-475,Nigeria,PMO - US,From RDC,N/A - From RDC,Air,Pre-PQ Process,N/A - From RDC,3-Dec-07,3-Dec-07,3-Dec-07,ARV,Pediatric,SCMS from RDC,"Lamivudine 10mg/ml, oral solution, Bottle, 240 ml",Lamivudine,Generic,10mg/ml,Oral solution,240,1283,3322.97,2.59,0.01,"Cipla, Goa, India",No,See DN-475 (ID#:10642),See DN-475 (ID#:10642),5.32
11144,111-MZ-T01,Pre-PQ Process,SO-502,DN-282,Mozambique,PMO - US,From RDC,N/A - From RDC,Air,Pre-PQ Process,N/A - From RDC,10-Oct-07,10-Oct-07,10-Oct-07,ARV,Pediatric,SCMS from RDC,"Efavirenz 200mg, capsule, 90 Caps",Efavirenz,Generic,200mg,Capsule,90,400,6780.0,16.95,0.19,"Aurobindo Unit III, India",Yes,3340,3438.84,10.85
27942,103-AO-T30,FPQ-11074,SCMS-171780,ASN-17959,Angola,PMO - US,Direct Drop,FCA,Air,12/7/2012,1/3/2013,25-Apr-13,25-Apr-13,25-Apr-13,ARV,Pediatric,ABBVIE LOGISTICS (FORMERLY ABBOTT LOGISTICS BV),"Lopinavir/Ritonavir 80/20mg/ml [Kaletra], oral solution, cool, Bottle 5 x 60 ml",Lopinavir/Ritonavir,Kaletra,80/20mg/ml,Oral solution,300,480,14793.6,30.82,0.1,ABBVIE (Abbott) Logis. UK,Yes,492,4281.43,18.3
82557,151-NG-T30,FPQ-10477,SO-44560,DN-3029,Nigeria,PMO - US,From RDC,N/A - From RDC,Air Charter,8/9/2012,N/A - From RDC,15-Mar-13,21-Feb-13,21-Feb-13,ARV,Adult,SCMS from RDC,"Lamivudine/Zidovudine 150/300mg, tablets, 60 Tabs",Lamivudine/Zidovudine,Generic,150/300mg,Tablet - FDC,60,42805,311192.35,7.27,0.12,"Cipla, Goa, India",No,See DN-3029 (ID#:82556),See DN-3029 (ID#:82556),436.29
11206,110-ZM-T01,Pre-PQ Process,SO-1084,DN-453,Zambia,PMO - US,From RDC,N/A - From RDC,,Pre-PQ Process,N/A - From RDC,6-Dec-07,6-Dec-07,6-Dec-07,ARV,Adult,SCMS from RDC,"Efavirenz 600mg, tablets, 30 Tabs",Efavirenz,Generic,600mg,Tablet,30,96,1872.0,19.5,0.65,"Cipla, Goa, India",Yes,5,636.52,3.0
85649,114-UG-T30,FPQ-4470,SO-34780,DN-1622,Uganda,PMO - US,From RDC,N/A - From RDC,Air,8/17/2009,N/A - From RDC,3-Feb-10,3-Feb-10,3-Feb-10,ARV,Adult,SCMS from RDC,"Lamivudine/Nevirapine/Zidovudine 150/200/300mg, tablets, 60 Tabs",Lamivudine/Nevirapine/Zidovudine,Generic,150/300/200mg,Tablet - FDC,60,31000,351850.0,11.35,0.19,Mylan (formerly Matrix) Nashik,Yes,3941,42656.07,689.63
39606,111-MZ-T30,FPQ-4739,SCMS-62690,ASN-5953,Mozambique,PMO - US,Direct Drop,EXW,Air,12/10/2009,1/8/2010,23-Feb-10,23-Feb-10,23-Feb-10,HRDT,HIV test,"Trinity Biotech, Plc","HIV 1/2, Uni-Gold HIV Kit, 20 Tests","HIV 1/2, Uni-Gold HIV Kit",Uni-Gold,,Test kit,20,2360,75520.0,32.0,1.6,"Trinity Biotech, Plc",Yes,1636,21087.7,162.82
83988,151-NG-T30,FPQ-4537,SO-35060,DN-1720,Nigeria,PMO - US,From RDC,N/A - From RDC,Air Charter,11/6/2009,N/A - From RDC,19-Apr-10,31-Mar-10,31-Mar-10,ARV,Adult,SCMS from RDC,"Lamivudine/Nevirapine/Zidovudine 150/200/300mg, tablets, 60 Tabs",Lamivudine/Nevirapine/Zidovudine,Generic,150/300/200mg,Tablet - FDC,60,100000,1122000.0,11.22,0.19,"Aurobindo Unit III, India",Yes,11725,Freight Included in Commodity Cost,2419.03
84420,107-RW-T30,FPQ-13812,SO-48160,DN-3969,Rwanda,PMO - US,From RDC,N/A - From RDC,Truck,3/4/2014,N/A - From RDC,1-Oct-14,12-Nov-14,13-Nov-14,ARV,Adult,SCMS from RDC,"Nevirapine 200mg, tablets, 60 Tabs",Nevirapine,Generic,200mg,Tablet,60,178258,402863.08,2.26,0.04,"Aurobindo Unit III, India",Yes,17140,23340.84,414.14
84039,104-CI-T30,FPQ-4659,SO-35562,DN-2004,Côte d'Ivoire,PMO - US,From RDC,N/A - From RDC,Air,12/8/2009,N/A - From RDC,30-Sep-10,6-Sep-10,6-Sep-10,ARV,Pediatric,SCMS from RDC,"Didanosine 200mg, chewable/dispersible tablets, 60 Tabs",Didanosine,Generic,200mg,Chewable/dispersible tablet,60,632,9796.0,15.5,0.26,"Aurobindo Unit III, India",Yes,134,8815.65,21.12
37664,133-NG-T30,FPQ-10765,SCMS-162440,ASN-17529,Nigeria,PMO - US,Direct Drop,EXW,Air,10/5/2012,10/16/2012,9-Jan-13,10-Jan-13,10-Jan-13,HRDT,HIV test,"Orgenics, Ltd","HIV 1/2, Determine Complete HIV Kit, 100 Tests","HIV 1/2, Determine Complete HIV Kit",Determine,,Test kit,100,2744,244216.0,89.0,0.89,"Alere Medical Co., Ltd.",Yes,1186,24927.19,342.39
16926,116-ZA-T30,FPQ-15269,SCMS-267020,ASN-29764,South Africa,PMO - US,Direct Drop,DDP,Truck,10/29/2014,12/10/2014,10-Dec-14,10-Dec-14,10-Dec-14,ARV,Adult,S. BUYS WHOLESALER,"Nevirapine 200mg, tablets, 60 Tabs",Nevirapine,Generic,200mg,Tablet,60,143,2313.12,16.18,0.27,"Cipla, Goa, India",Yes,Weight Captured Separately,Freight Included in Commodity Cost,2.72
74780,104-CI-T30,FPQ-9823,SCMS-147560,ASN-16600,Côte d'Ivoire,PMO - US,Direct Drop,EXW,Air,5/4/2012,6/13/2012,17-Oct-12,17-Oct-12,17-Oct-12,HRDT,HIV test,"CHEMBIO DIAGNOSTIC SYSTEMS, INC.","HIV 1/2, Stat-Pak HIV, Kit, 20 Tests","HIV 1/2, Stat-Pak HIV, Kit",Stat-Pak,,Test kit,20,3678,106662.0,29.0,1.45,Chembio Diagnostics Sys. Inc.,Yes,1056,12363.35,149.54
85116,104-CI-T30,FPQ-4659,SO-35560,DN-1799,Côte d'Ivoire,PMO - US,From RDC,N/A - From RDC,Air,12/8/2009,N/A - From RDC,10-May-10,7-May-10,7-May-10,ARV,Adult,SCMS from RDC,"Lamivudine 150mg, tablets, 60 Tabs",Lamivudine,Generic,150mg,Tablet,60,6000,14640.0,2.44,0.04,Mylan (formerly Matrix) Nashik,No,See DN-1799 (ID#:84560),See DN-1799 (ID#:84560),31.56
41934,102-BI-T30,FPQ-13443,SCMS-223471,ASN-25595,Burundi,PMO - US,Direct Drop,EXW,Air,1/6/2014,2/3/2014,9-May-14,9-May-14,9-May-14,HRDT,HIV test,"Orgenics, Ltd","HIV 1/2, Determine Complete HIV Kit, 100 Tests","HIV 1/2, Determine Complete HIV Kit",Determine,,Test kit,100,1128,90240.0,80.0,0.8,"Alere Medical Co., Ltd.",Yes,462,12205.04,92.77
85810,104-CI-T30,FPQ-8295,SO-40791,DN-2459,Côte d'Ivoire,PMO - US,From RDC,N/A - From RDC,Truck,8/25/2011,N/A - From RDC,6-Feb-12,6-Feb-12,6-Feb-12,ARV,Pediatric,SCMS from RDC,"Efavirenz 50mg, capsule, 30 Caps",Efavirenz,Generic,50mg,Capsule,30,2772,6209.28,2.24,0.07,"Aurobindo Unit III, India",No,See DN-2459 (ID#:82424),See DN-2459 (ID#:82424),10.25
66713,108-VN-T30,FPQ-13524,SCMS-226230,ASN-26347,Vietnam,PMO - US,Direct Drop,FCA,Air,2/6/2014,3/10/2014,2-Jul-14,2-Jul-14,2-Jul-14,ARV,Adult,ABBVIE LOGISTICS (FORMERLY ABBOTT LOGISTICS BV),"Ritonavir 100mg [Norvir], film coated tablets, 30 Tabs",Ritonavir,Norvir,100mg,Tablet,30,450,10467.0,23.26,0.78,ABBVIE Ludwigshafen Germany,Yes,56,520.19,10.76
80804,110-ZM-T30,FPQ-12634,SCMS-201920,ASN-21906,Zambia,PMO - US,Direct Drop,EXW,Air,7/17/2013,8/6/2013,6-Nov-13,6-Nov-13,6-Nov-13,HRDT,HIV test,"Orgenics, Ltd","HIV 1/2, Determine Complete HIV Kit, 100 Tests","HIV 1/2, Determine Complete HIV Kit",Determine,,Test kit,100,4000,320000.0,80.0,0.8,"Alere Medical Co., Ltd.",Yes,1623,20644.03,395.84
71767,108-VN-T30,FPQ-4720,SCMS-62460,ASN-6355,Vietnam,PMO - US,Direct Drop,EXW,Air,1/4/2009,1/12/2010,29-Mar-10,29-Mar-10,29-Mar-10,ARV,Adult,MYLAN LABORATORIES LTD (FORMERLY MATRIX LABORATORIES),"Tenofovir Disoproxil Fumarate 300mg, tablets, 30 Tabs",Tenofovir Disoproxil Fumarate,Generic,300mg,Tablet,30,3192,23940.0,7.5,0.25,Mylan (formerly Matrix) Nashik,No,See ASN-6355 (ID#:16828),See ASN-6355 (ID#:16828),51.61
68752,101-CD-T30,FPQ-13548,SCMS-224840,ASN-24721,"Congo, DRC",PMO - US,Direct Drop,EXW,Air,1/22/2014,1/28/2014,4-Apr-14,4-Apr-14,28-Apr-14,HRDT,HIV test,"Trinity Biotech, Plc","HIV 1/2, Uni-Gold HIV Kit, 20 Tests","HIV 1/2, Uni-Gold HIV Kit",Uni-Gold,,Test kit,20,7,224.0,32.0,1.6,"Trinity Biotech, Plc",No,See ASN-24721 (ID#:13708),See ASN-24721 (ID#:13708),0.23
15004,116-ZA-T30,FPQ-3560,SCMS-49641,ASN-5136,South Africa,PMO - US,Direct Drop,DDP,Truck,5/7/2009,7/21/2009,5-Aug-09,5-Aug-09,5-Aug-09,ARV,Pediatric,S. BUYS WHOLESALER,"Abacavir 20mg/ml [Ziagen], oral solution, Bottle, 240 ml",Abacavir,Ziagen,20mg/ml,Oral solution,240,599,11964.63,19.97,0.08,GSK Mississauga (Canada),Yes,Weight Captured Separately,Freight Included in Commodity Cost,23.45
11804,110-ZM-T01,Pre-PQ Process,SO-1030,DN-419,Zambia,PMO - US,From RDC,N/A - From RDC,Air,Pre-PQ Process,N/A - From RDC,13-Nov-07,13-Nov-07,13-Nov-07,ARV,Adult,SCMS from RDC,"Lopinavir/Ritonavir 200/50mg [Aluvia], tablets, 120 Tabs",Lopinavir/Ritonavir,Aluvia,200/50mg,Tablet,120,12240,503064.0,41.1,0.34,ABBVIE (Abbott) Logis. UK,Yes,2678,9008.48,804.9
83998,105-GY-T30,FPQ-5470,SO-36640,DN-1800,Guyana,PMO - US,From RDC,N/A - From RDC,Air,4/7/2010,N/A - From RDC,30-Jun-10,27-May-10,27-May-10,ARV,Pediatric,SCMS from RDC,"Zidovudine 100mg, capsules, 100 Caps",Zidovudine,Generic,100mg,Capsule,100,564,2729.76,4.84,0.05,"Aurobindo Unit III, India",No,See DN-1800 (ID#:83422),See DN-1800 (ID#:83422),5.89
86476,110-ZM-T30,FPQ-9472,SO-41701,DN-2665,Zambia,PMO - US,From RDC,N/A - From RDC,Truck,3/8/2012,N/A - From RDC,23-Aug-12,18-Jun-12,18-Jun-12,ARV,Adult,SCMS from RDC,"Emtricitabine/Tenofovir Disoproxil Fumarate 200/300mg, tablets, 30 Tabs",Emtricitabine/Tenofovir Disoproxil Fumarate,Generic,200/300mg,Tablet - FDC,30,9400,75576.0,8.04,0.27,Mylan (formerly Matrix) Nashik,Yes,796,4496.13,105.96
84409,151-NG-T30,FPQ-13293,SO-47274,DN-3913,Nigeria,PMO - US,From RDC,N/A - From RDC,Air Charter,11/19/2013,N/A - From RDC,30-Sep-14,3-Sep-14,5-Sep-14,ARV,Adult,SCMS from RDC,"Lamivudine/Nevirapine/Zidovudine 150/200/300mg, tablets, 60 Tabs",Lamivudine/Nevirapine/Zidovudine,Generic,150/300/200mg,Tablet - FDC,60,6,48.66,8.11,0.14,"Aurobindo Unit III, India",Yes,6589,26731,0.05
82548,151-NG-T30,FPQ-10477,SO-44550,DN-3028,Nigeria,PMO - US,From RDC,N/A - From RDC,Air Charter,8/9/2012,N/A - From RDC,15-Mar-13,21-Feb-13,21-Feb-13,ARV,Adult,SCMS from RDC,"Nevirapine 200mg, tablets, 60 Tabs",Nevirapine,Generic,200mg,Tablet,60,33571,75870.46,2.26,0.04,Hetero Unit III Hyderabad IN,Yes,12785,37242.5,106.37
38759,161-ZA-T30,FPQ-7400,SCMS-104200,ASN-11475,South Africa,PMO - US,Direct Drop,DDP,Ocean,3/11/2011,3/30/2011,24-Sep-11,24-Sep-11,24-Sep-11,ARV,Pediatric,GLAXOSMITHKLINE EXPORT LIMITED,"Abacavir 20mg/ml [Ziagen], oral solution, Bottle, 240 ml",Abacavir,Ziagen,20mg/ml,Oral solution,240,20000,185600.0,9.28,0.04,GSK Mississauga (Canada),Yes,7683,7073.56,306.24
33050,104-CI-T30,FPQ-13629,SCMS-228890,ASN-30737,Côte d'Ivoire,PMO - US,Direct Drop,FCA,Air,1/31/2014,3/3/2014,10-Mar-15,10-Mar-15,10-Mar-15,ARV,Pediatric,ABBVIE LOGISTICS (FORMERLY ABBOTT LOGISTICS BV),"Lopinavir/Ritonavir 80/20mg/ml [Kaletra], oral solution, cool, Bottle 5 x 60 ml",Lopinavir/Ritonavir,Kaletra,80/20mg/ml,Oral solution,300,500,15410.0,30.82,0.1,ABBVIE (Abbott) Logis. UK,Yes,632,7514.75,15.84
68779,108-VN-T30,FPQ-5094,SCMS-68550,ASN-7301,Vietnam,PMO - US,Direct Drop,EXW,Air,3/15/2010,3/24/2010,16-Jul-10,16-Jul-10,16-Jul-10,ARV,Adult,Aurobindo Pharma Limited,"Lamivudine/Zidovudine 150/300mg, tablets, 60 Tabs",Lamivudine/Zidovudine,Generic,150/300mg,Tablet - FDC,60,11004,94084.2,8.55,0.14,"Aurobindo Unit III, India",Yes,1073,9535.67,202.85
77293,161-ZA-T30,FPQ-5303,SCMS-68990,ASN-7050,South Africa,PMO - US,Direct Drop,DDP,Air,3/18/2010,3/19/2010,9-Jun-10,9-Jun-10,9-Jun-10,ARV,Pediatric,Aurobindo Pharma Limited,"Nevirapine 10mg/ml, oral suspension w/syringe, Bottle, 240 ml",Nevirapine,Generic,10mg/ml,Oral suspension,240,10000,31500.0,3.15,0.01,"Aurobindo Unit III, India",Yes,3869,4088.43,67.91
82295,114-UG-T30,FPQ-5014,SO-35870,DN-1654,Uganda,PMO - US,From RDC,N/A - From RDC,Air,1/29/2010,N/A - From RDC,18-Mar-10,17-Mar-10,17-Mar-10,ARV,Adult,SCMS from RDC,"Nevirapine 200mg, tablets, 60 Tabs",Nevirapine,Generic,200mg,Tablet,60,600,1638.0,2.73,0.05,"Aurobindo Unit III, India",Yes,306,3945.33,3.53
12798,112-NG-T01,Pre-PQ Process,SO-2356,DN-801,Nigeria,PMO - US,From RDC,N/A - From RDC,Air,Pre-PQ Process,N/A - From RDC,30-Jun-08,30-Jun-08,30-Jun-08,ARV,Adult,SCMS from RDC,"Tenofovir Disoproxil Fumarate 300mg [Viread], tablets, 30 Tabs",Tenofovir Disoproxil Fumarate,Viread,300mg,Tablet,30,48,816.0,17.0,0.57,"Aspen-OSD, Port Elizabeth, SA",Yes,4,213.75,1.31
45705,161-ZA-T30,FPQ-6708,SCMS-93530,ASN-10555,South Africa,PMO - US,Direct Drop,DDP,Ocean,11/26/2010,12/14/2010,7-Apr-11,13-Jun-11,13-Jun-11,ARV,Adult,Aurobindo Pharma Limited,"Tenofovir Disoproxil Fumarate 300mg, tablets, 30 Tabs",Tenofovir Disoproxil Fumarate,Generic,300mg,Tablet,30,28907,192231.55,6.65,0.22,"Aurobindo Unit III, India",Yes,Weight Captured Separately,Freight Included in Commodity Cost,317.18
41444,108-VN-T30,FPQ-6818,SCMS-97850,ASN-11024,Vietnam,PMO - US,Direct Drop,EXW,Air,1/17/2011,2/15/2011,22-Jun-11,22-Jun-11,22-Jun-11,ARV,Adult,MYLAN LABORATORIES LTD (FORMERLY MATRIX LABORATORIES),"Lamivudine/Zidovudine 150/300mg, tablets, 60 Tabs",Lamivudine/Zidovudine,Generic,150/300mg,Tablet - FDC,60,5070,41827.5,8.25,0.14,Mylan (formerly Matrix) Nashik,No,See ASN-11024 (ID#:15149),See ASN-11024 (ID#:15149),69.02
14846,101-CD-T30,FPQ-11103,SCMS-170640,ASN-18068,"Congo, DRC",PMO - US,Direct Drop,FCA,Air,12/7/2012,1/3/2013,16-Apr-13,16-Apr-13,16-Apr-13,ARV,Pediatric,ABBVIE LOGISTICS (FORMERLY ABBOTT LOGISTICS BV),"Lopinavir/Ritonavir 80/20mg/ml [Kaletra], oral solution, cool, Bottle 5 x 60 ml",Lopinavir/Ritonavir,Kaletra,80/20mg/ml,Oral solution,300,60,1849.2,30.82,0.1,ABBVIE (Abbott) Logis. UK,Yes,113,2570.86,2.29
11356,110-ZM-T01,Pre-PQ Process,SO-33022,DN-1463,Zambia,PMO - US,From RDC,N/A - From RDC,Truck,Date Not Captured,N/A - From RDC,13-Oct-09,13-Oct-09,13-Oct-09,ARV,Adult,SCMS from RDC,"Lamivudine/Zidovudine 150/300mg, tablets, 60 Tabs",Lamivudine/Zidovudine,Generic,150/300mg,Tablet - FDC,60,40000,350400.0,8.76,0.15,"Aurobindo Unit III, India",Yes,3626,4997.47,686.78
52206,106-HT-T30,FPQ-4389,SCMS-58030,ASN-7025,Haiti,PMO - US,Direct Drop,FCA,Air,11/3/2009,11/13/2009,18-Jun-10,18-Jun-10,18-Jun-10,ARV,Pediatric,ABBVIE LOGISTICS (FORMERLY ABBOTT LOGISTICS BV),"Lopinavir/Ritonavir 100/25mg [Aluvia], tablets, 60 Tabs",Lopinavir/Ritonavir,Generic,100/25mg,Tablet,60,300,2712.0,9.04,0.15,ABBVIE Ludwigshafen Germany,Yes,44,1075.54,5.85
73918,113-ZW-T30,FPQ-7521,SCMS-108000,ASN-12247,Zimbabwe,PMO - US,Direct Drop,EXW,Air,4/7/2011,5/5/2011,19-Oct-11,19-Oct-11,19-Oct-11,HRDT,HIV test,"Orgenics, Ltd","HIV 1/2, Determine Complete HIV Kit, 100 Tests","HIV 1/2, Determine Complete HIV Kit",Determine,,Test kit,100,2499,199920.0,80.0,0.8,Inverness Japan,Yes,1191,23808.37,329.87
69376,161-ZA-T30,FPQ-6262,SCMS-83820,ASN-9485,South Africa,PMO - US,Direct Drop,DDP,Ocean,8/31/2010,9/24/2010,10-Mar-11,10-Mar-11,10-Mar-11,ARV,Adult,Aurobindo Pharma Limited,"Efavirenz 600mg, tablets, 30 Tabs",Efavirenz,Generic,600mg,Tablet,30,127904,579405.12,4.53,0.15,"Aurobindo Unit III, India",Yes,10980,15331.5,1249.2
84536,106-HT-T30,FPQ-4469,SO-35480,DN-1672,Haiti,PMO - US,From RDC,N/A - From RDC,Air,9/23/2009,N/A - From RDC,16-Mar-10,15-Mar-10,15-Mar-10,ARV,Pediatric,SCMS from RDC,"Lamivudine 10mg/ml, oral solution, Bottle, 240 ml",Lamivudine,Generic,10mg/ml,Oral solution,240,1628,3093.2,1.9,0.01,"Cipla, Goa, India",Yes,622,13122.39,6.67
77772,114-UG-T30,FPQ-5277,SCMS-68320,ASN-6788,Uganda,PMO - US,Direct Drop,FCA,Air,3/12/2010,3/18/2010,12-May-10,12-May-10,12-May-10,ARV,Adult,ABBVIE LOGISTICS (FORMERLY ABBOTT LOGISTICS BV),"Lopinavir/Ritonavir 200/50mg [Aluvia], tablets, 120 Tabs",Lopinavir/Ritonavir,Aluvia,200/50mg,Tablet,120,160,5785.6,36.16,0.3,ABBVIE Ludwigshafen Germany,Yes,47,1238.94,12.47
78198,104-CI-T30,FPQ-12714,SCMS-204990,ASN-22826,Côte d'Ivoire,PMO - US,Direct Drop,FCA,Air,7/30/2013,9/2/2013,29-Nov-13,29-Nov-13,2-Dec-13,ARV,Adult,ABBVIE LOGISTICS (FORMERLY ABBOTT LOGISTICS BV),"Ritonavir 100mg [Norvir], film coated tablets, 60 Tabs",Ritonavir,Norvir,100mg,Tablet,60,3000,20550.0,6.85,0.11,ABBVIE Ludwigshafen Germany,Yes,387,6020.48,25.42
34566,102-KE-T30,FPQ-3984,SCMS-50890,ASN-4752,Kenya,PMO - US,Direct Drop,EXW,Air,7/20/2009,8/3/2009,13-Oct-09,13-Oct-09,13-Oct-09,HRDT,HIV test,"Orgenics, Ltd","HIV 1/2, Determine Complete HIV Kit, 100 Tests","HIV 1/2, Determine Complete HIV Kit",Determine,,Test kit,100,100,8000.0,80.0,0.8,Inverness Japan,Yes,32,1555.21,15.68
67654,116-ZA-T30,FPQ-13973,SCMS-238551,ASN-26882,South Africa,PMO - US,Direct Drop,DDP,Truck,4/30/2014,6/25/2014,25-Jun-14,25-Jun-14,25-Jun-14,ARV,Adult,PHARMACY DIRECT,"Emtricitabine/Tenofovir Disoproxil Fumarate 200/300mg, tablets, 30 Tabs",Emtricitabine/Tenofovir Disoproxil Fumarate,Generic,200/300mg,Tablet - FDC,30,11,332.32,30.21,1.01,"Aurobindo Unit III, India",No,Weight Captured Separately,Freight Included in Commodity Cost,0.34
12327,100-LB-T01,Pre-PQ Process,SO-33910,DN-1488,Lebanon,PMO - US,From RDC,N/A - From RDC,Air,Date Not Captured,N/A - From RDC,24-Nov-09,24-Nov-09,24-Nov-09,ARV,Adult,SCMS from RDC,"Nevirapine 200mg, tablets, 60 Tabs",Nevirapine,Generic,200mg,Tablet,60,200,2.0,0.01,0.0,Hetero Unit III Hyderabad IN,No,See DN-1488 (ID#:11074),See DN-1488 (ID#:11074),0.0
10416,107-RW-T01,Pre-PQ Process,SCMS-43790,ASN-4460,Rwanda,PMO - US,Direct Drop,CIP,Air,Pre-PQ Process,4/15/2009,14-Sep-09,14-Sep-09,14-Sep-09,ARV,Adult,MYLAN LABORATORIES LTD (FORMERLY MATRIX LABORATORIES),"Lamivudine/Zidovudine 150/300mg, tablets, 60 Tabs",Lamivudine/Zidovudine,Generic,150/300mg,Tablet - FDC,60,38736,348624.0,9.0,0.15,Mylan (formerly Matrix) Nashik,Yes,3080,33235.44,683.3
84099,111-MZ-T30,FPQ-7053,SO-40060,DN-2268,Mozambique,PMO - US,From RDC,N/A - From RDC,Truck,1/24/2011,N/A - From RDC,31-Aug-11,1-Sep-11,1-Sep-11,ARV,Adult,SCMS from RDC,"Lamivudine/Nevirapine/Zidovudine 150/200/300mg, tablets, 60 Tabs",Lamivudine/Nevirapine/Zidovudine,Generic,150/300/200mg,Tablet - FDC,60,135900,1524798.0,11.22,0.19,"Aurobindo Unit III, India",No,See DN-2268 (ID#:82960),See DN-2268 (ID#:82960),2515.92
85873,109-TZ-T30,FPQ-8303,SO-40471,DN-2721,Tanzania,PMO - US,From RDC,N/A - From RDC,Truck,8/22/2011,N/A - From RDC,15-Aug-12,25-Jul-12,25-Jul-12,ARV,Pediatric,SCMS from RDC,"Nevirapine 10mg/ml, oral suspension w/syringe, Bottle, 240 ml",Nevirapine,Generic,10mg/ml,Oral suspension,240,29504,57532.8,1.95,0.01,"Aurobindo Unit III, India",Yes,10913,3853.89,94.93
86478,114-UG-T30,FPQ-9875,SO-42080,DN-2677,Uganda,PMO - US,From RDC,N/A - From RDC,Truck,5/9/2012,N/A - From RDC,17-Aug-12,8-Jun-12,8-Jun-12,ARV,Adult,SCMS from RDC,"Lamivudine/Zidovudine 150/300mg, tablets, 60 Tabs",Lamivudine/Zidovudine,Generic,150/300mg,Tablet - FDC,60,18518,144070.04,7.78,0.13,Mylan (formerly Matrix) Nashik,No,See DN-2677 (ID#:83039),See DN-2677 (ID#:83039),201.99
83795,102-BI-T30,FPQ-13627,SO-47670,DN-3712,Burundi,PMO - US,From RDC,N/A - From RDC,Air,1/24/2014,N/A - From RDC,30-May-14,25-Jun-14,1-Jul-14,ARV,Adult,SCMS from RDC,"Efavirenz/Lamivudine/Tenofovir Disoproxil Fumarate 600/300/300mg, tablets, 30 Tabs",Efavirenz/Lamivudine/Tenofovir Disoproxil Fumarate,Generic,600/300/300mg,Tablet - FDC,30,2880,31046.4,10.78,0.36,Mylan (formerly Matrix) Nashik,Yes,546,4195.64,31.92
52460,107-RW-T30,FPQ-8365,SCMS-126470,ASN-13518,Rwanda,PMO - US,Direct Drop,FCA,Air,10/26/2011,11/11/2011,27-Jan-12,27-Jan-12,27-Jan-12,ARV,Pediatric,ABBVIE LOGISTICS (FORMERLY ABBOTT LOGISTICS BV),"Lopinavir/Ritonavir 100/25mg [Aluvia], tablets, 60 Tabs",Lopinavir/Ritonavir,Generic,100/25mg,Tablet,60,1395,10755.45,7.71,0.13,ABBVIE Ludwigshafen Germany,Yes,188,3035.87,17.75
16901,108-VN-T30,FPQ-8428,SCMS-123600,ASN-13410,Vietnam,PMO - US,Direct Drop,EXW,Air,9/21/2011,10/4/2011,18-Feb-12,18-Feb-12,18-Feb-12,ARV,Adult,Aurobindo Pharma Limited,"Abacavir 300mg, tablets, 60 Tabs",Abacavir,Generic,300mg,Tablet,60,112,1618.4,14.45,0.24,"Aurobindo Unit III, India",Yes,1701,4288.83,2.67
40779,111-MZ-T30,FPQ-13093,SCMS-211561,ASN-25196,Mozambique,PMO - US,Direct Drop,EXW,Air,10/15/2013,11/13/2013,2-May-14,2-May-14,2-May-14,HRDT,HIV test,"Orgenics, Ltd","HIV 1/2, Determine Complete HIV Kit, 100 Tests","HIV 1/2, Determine Complete HIV Kit",Determine,,Test kit,100,8898,711840.0,80.0,0.8,"Alere Medical Co., Ltd.",Yes,3611,24079.79,731.77
11384,107-RW-T01,Pre-PQ Process,SO-481,DN-100,Rwanda,PMO - US,From RDC,N/A - From RDC,Air,Pre-PQ Process,N/A - From RDC,14-May-07,14-May-07,14-May-07,ARV,Adult,SCMS from RDC,"Stavudine 30mg, capsules, 60 Caps",Stavudine,Generic,30mg,Capsule,60,117,188.37,1.61,0.03,"Strides, Bangalore, India.",No,See DN-100 (ID#:10823),See DN-100 (ID#:10823),
84595,102-UG-T30,FPQ-6403,SO-37460,DN-2026,Uganda,PMO - US,From RDC,N/A - From RDC,Air,9/16/2010,N/A - From RDC,20-Oct-10,25-Oct-10,25-Oct-10,ARV,Adult,SCMS from RDC,"Lamivudine/Nevirapine/Zidovudine 150/200/300mg, tablets, 60 Tabs",Lamivudine/Nevirapine/Zidovudine,Generic,150/300/200mg,Tablet - FDC,60,31932,358277.04,11.22,0.19,"Aurobindo Unit III, India",No,See DN-2026 (ID#:84047),See DN-2026 (ID#:84047),772.45
17124,104-CI-T30,FPQ-4530,SCMS-57730,ASN-6229,Côte d'Ivoire,PMO - US,Direct Drop,FCA,Air,11/5/2009,11/23/2009,5-Mar-10,5-Mar-10,5-Mar-10,ARV,Adult,Hoffmann-La Roche ltd Basel,"Saquinavir 500mg [Invirase], tablets, 120 Tabs",Saquinavir,Invirase,500mg,Tablet,120,1500,149780.99,99.85,0.83,Roche Basel,Yes,271,2527.94,322.93
12840,117-ET-T01,Pre-PQ Process,SO-14230,DN-907,Ethiopia,PMO - US,From RDC,N/A - From RDC,Truck,Pre-PQ Process,N/A - From RDC,16-Sep-08,16-Sep-08,16-Sep-08,ARV,Adult,SCMS from RDC,"Indinavir 400mg [Crixivan], capsules, 180 Caps",Indinavir,Crixivan,400mg,Capsule,180,50,2500.0,50.0,0.28,"MSD, Haarlem, NL",No,See DN-907 (ID#:12839),See DN-907 (ID#:12839),4.0
28998,108-VN-T30,FPQ-11418,SCMS-176140,ASN-19490,Vietnam,PMO - US,Direct Drop,FCA,Air,1/29/2013,2/11/2013,3-Jun-13,3-Jun-13,3-Jun-13,ARV,Adult,ABBVIE LOGISTICS (FORMERLY ABBOTT LOGISTICS BV),"Lopinavir/Ritonavir 200/50mg [Aluvia], tablets, 120 Tabs",Lopinavir/Ritonavir,Aluvia,200/50mg,Tablet,120,3885,236285.7,60.82,0.51,ABBVIE Ludwigshafen Germany,Yes,930,8303.48,292.29
22091,105-DO-T30,FPQ-11295,SCMS-172501,ASN-22113,Dominican Republic,PMO - US,Direct Drop,EXW,Air,12/17/2012,1/15/2013,29-Oct-13,29-Oct-13,1-Nov-13,HRDT,HIV test,"Orgenics, Ltd","HIV 1/2, Determine Complete HIV Kit, 100 Tests","HIV 1/2, Determine Complete HIV Kit",Determine,,Test kit,100,1775,163300.0,92.0,0.92,"Alere Medical Co., Ltd.",Yes,721,9165.29,202.0
64660,105-GY-T30,FPQ-12057,SCMS-189030,ASN-20003,Guyana,PMO - US,Direct Drop,EXW,Air,4/15/2013,5/23/2013,1-Jul-13,1-Jul-13,1-Jul-13,ARV,Pediatric,Aurobindo Pharma Limited,"Efavirenz 50mg, capsule, 30 Caps",Efavirenz,Generic,50mg,Capsule,30,69,154.56,2.24,0.07,"Aurobindo Unit III, India",No,See ASN-20003 (ID#:38247),See ASN-20003 (ID#:38247),0.19
10499,116-ZA-T01,Pre-PQ Process,SCMS-47051,ASN-4837,South Africa,PMO - US,Direct Drop,DDP,Truck,Pre-PQ Process,6/5/2009,12-Oct-09,3-Aug-09,3-Aug-09,ARV,Adult,S. BUYS WHOLESALER,"Stavudine 30mg, capsules, 60 Caps",Stavudine,Generic,30mg,Capsule,60,700,2457.0,3.51,0.06,"Aurobindo Unit III, India",No,Weight Captured Separately,Freight Included in Commodity Cost,4.82
84643,114-UG-T30,FPQ-6901,SO-39320,DN-2190,Uganda,PMO - US,From RDC,N/A - From RDC,Truck,12/22/2010,N/A - From RDC,20-Apr-11,3-May-11,3-May-11,ARV,Adult,SCMS from RDC,"Efavirenz/Emtricitabine/Tenofovir Disoproxil Fumarate 600/200/300mg, tablets, 30 Tabs",Efavirenz/Emtricitabine/Tenofovir Disoproxil Fumarate,Generic,600/200/300mg,Tablet - FDC,30,6600,131472.0,19.92,0.66,Mylan (formerly Matrix) Nashik,Yes,720,4647.66,216.93
84332,109-TZ-T30,FPQ-12587,SO-45999,DN-3531,Tanzania,PMO - US,From RDC,N/A - From RDC,Truck,7/4/2013,N/A - From RDC,31-Jan-14,19-Feb-14,24-Feb-14,ARV,Adult,SCMS from RDC,"Abacavir 300mg, tablets, 60 Tabs",Abacavir,Generic,300mg,Tablet,60,11022,125209.92,11.36,0.19,"Aurobindo Unit III, India",No,See DN-3531 (ID#:83761),See DN-3531 (ID#:83761),154.88
9639,106-HT-T01,Pre-PQ Process,SCMS-18720,ASN-1610,Haiti,PMO - US,Direct Drop,EXW,Air,Pre-PQ Process,3/11/2008,9-May-08,9-May-08,9-May-08,HRDT,HIV test,"Orgenics, Ltd","HIV 1/2, Determine HIV Kit, without Lancets, 100 Tests","HIV 1/2, Determine HIV Kit, without Lancets",Determine,,Test kit,100,955,63985.0,67.0,0.67,Inverness Japan,Yes,164,1802.14,102.38
82363,110-ZM-T30,FPQ-6665,SO-38200,DN-2081,Zambia,PMO - US,From RDC,N/A - From RDC,Air,11/8/2010,N/A - From RDC,20-Jan-11,7-Feb-11,7-Feb-11,ARV,Adult,SCMS from RDC,"Lamivudine 150mg, tablets, 60 Tabs",Lamivudine,Generic,150mg,Tablet,60,10131,23605.23,2.33,0.04,"Aurobindo Unit III, India",Yes,493,2859.16,38.95
50985,105-SS-T30,FPQ-14470,SCMS-245260,ASN-29409,South Sudan,PMO - US,Direct Drop,EXW,Air,6/17/2014,6/30/2014,22-Dec-14,22-Dec-14,13-Jan-15,HRDT,HIV test - Ancillary,"Orgenics, Ltd","Capillary Tubes, for Determine, EDTA, 50uL,100 Pcs","HIV, Capillary Tubes, for Determine, EDTA, 50uL,100 Pcs",Determine,,Test kit - Ancillary,100,115,920.0,8.0,0.08,"Alere Medical Co., Ltd.",No,See ASN-29409 (ID#:20185),See ASN-29409 (ID#:20185),0.95
11316,151-NG-T01,Pre-PQ Process,SO-22529,DN-1211,Nigeria,PMO - US,From RDC,N/A - From RDC,Air,Pre-PQ Process,N/A - From RDC,14-May-09,14-May-09,14-May-09,ARV,Adult,SCMS from RDC,"Lamivudine/Nevirapine/Zidovudine 150/200/300mg, tablets, 60 Tabs",Lamivudine/Nevirapine/Zidovudine,Generic,150/300/200mg,Tablet - FDC,60,9483,108106.2,11.4,0.19,"Aurobindo Unit III, India",Yes,1079,10823.52,211.89
82425,151-NG-T30,FPQ-8364,SO-40654,DN-2462,Nigeria,PMO - US,From RDC,N/A - From RDC,Air Charter,8/29/2011,N/A - From RDC,2-Mar-12,18-Dec-11,18-Dec-11,ARV,Adult,SCMS from RDC,"Nevirapine 200mg, tablets, 60 Tabs",Nevirapine,Generic,200mg,Tablet,60,60000,154800.0,2.58,0.04,Hetero Unit III Hyderabad IN,Yes,9746,15322.73,255.42
11732,109-TZ-T01,Pre-PQ Process,SO-632,DN-169,Tanzania,PMO - US,From RDC,N/A - From RDC,Air,Pre-PQ Process,N/A - From RDC,6-Jul-07,6-Jul-07,6-Jul-07,ARV,Adult,SCMS from RDC,"Efavirenz 600mg, tablets, 30 Tabs",Efavirenz,Generic,600mg,Tablet,30,28665,466092.9,16.26,0.54,"Aurobindo Unit III, India",Yes,2515,6834,
19241,116-ZA-T30,FPQ-13214,SCMS-215410,ASN-23875,South Africa,PMO - US,Direct Drop,DDP,Truck,11/14/2013,12/2/2013,13-Jan-14,13-Jan-14,13-Jan-14,ARV,Pediatric,S. BUYS WHOLESALER,"Abacavir 20mg/ml, oral solution w/syringe, Bottle, 240 ml",Abacavir,Generic,20mg/ml,Oral solution,240,16,367.09,22.94,0.1,"Aurobindo Unit III, India",No,Weight Captured Separately,Freight Included in Commodity Cost,0.38
11983,153-NG-T01,Pre-PQ Process,SO-31170,DN-1261,Nigeria,PMO - US,From RDC,N/A - From RDC,Air Charter,Pre-PQ Process,N/A - From RDC,16-Jun-09,16-Jun-09,16-Jun-09,ARV,Adult,SCMS from RDC,"Zidovudine 300mg, tablets, 60 Tabs",Zidovudine,Generic,300mg,Tablet,60,306,2359.26,7.71,0.13,"Aurobindo Unit III, India",No,See DN-1261 (ID#:11647),See DN-1261 (ID#:11647),4.62
11731,104-CI-T01,Pre-PQ Process,SO-519,DN-199,Côte d'Ivoire,PMO - US,From RDC,N/A - From RDC,,Pre-PQ Process,N/A - From RDC,5-Jul-07,5-Jul-07,5-Jul-07,ARV,Adult,SCMS from RDC,"Efavirenz 600mg, tablets, 30 Tabs",Efavirenz,Generic,600mg,Tablet,30,61468,999469.68,16.26,0.54,"Aurobindo Unit III, India",No,See DN-199 (ID#:11391),See DN-199 (ID#:11391),1599.15
10580,104-CI-T01,Pre-PQ Process,SO-816,DN-265,Côte d'Ivoire,PMO - US,From RDC,N/A - From RDC,Air,Pre-PQ Process,N/A - From RDC,17-Aug-07,17-Aug-07,17-Aug-07,ARV,Adult,SCMS from RDC,"Lamivudine 150mg, tablets, 60 Tabs",Lamivudine,Generic,150mg,Tablet,60,3145,9560.8,3.04,0.05,"Aurobindo Unit III, India",Yes,206,2731.58,15.3
63537,133-NG-T30,FPQ-14995,SCMS-260700,ASN-29928,Nigeria,PMO - US,Direct Drop,EXW,Air,9/22/2014,10/29/2014,19-Jan-15,19-Jan-15,22-Jan-15,HRDT,HIV test,"Orgenics, Ltd","HIV 1/2, Determine Complete HIV Kit, 100 Tests","HIV 1/2, Determine Complete HIV Kit",Determine,,Test kit,100,6133,545837.0,89.0,0.89,"Alere Medical Co., Ltd.",Yes,2483,31306.65,561.12
11672,110-ZM-T01,Pre-PQ Process,SO-32550,DN-1382,Zambia,PMO - US,From RDC,N/A - From RDC,Truck,Date Not Captured,N/A - From RDC,17-Aug-09,17-Aug-09,17-Aug-09,ARV,Adult,SCMS from RDC,"Abacavir 300mg, tablets, 60 Tabs",Abacavir,Generic,300mg,Tablet,60,10406,264832.7,25.45,0.42,Mylan (formerly Matrix) Nashik,No,See DN-1382 (ID#:10788),See DN-1382 (ID#:10788),519.07
40812,107-RW-T30,FPQ-3859,SCMS-49110,ASN-6538,Rwanda,PMO - US,Direct Drop,CIP,Air,6/30/2009,7/15/2009,29-Apr-10,29-Apr-10,29-Apr-10,ARV,Adult,EMCURE PHARMACEUTICALS LTD,"Efavirenz 600mg, tablets, 30 Tabs",Efavirenz,Generic,600mg,Tablet,30,54684,327557.16,5.99,0.2,"Emcure Plot No.P-2, I.T-B.T. Park, Phase II, MIDC, Hinjwadi, Pune, India",Yes,3889,31784.09,642.01
85900,104-CI-T30,FPQ-9749,SO-42380,DN-2861,Côte d'Ivoire,PMO - US,From RDC,N/A - From RDC,Truck,4/19/2012,N/A - From RDC,29-Oct-12,1-Oct-12,1-Oct-12,ARV,Adult,SCMS from RDC,"Efavirenz 600mg, tablets, 30 Tabs",Efavirenz,Generic,600mg,Tablet,30,43772,166771.32,3.81,0.13,"Aurobindo Unit III, India",No,See DN-2861 (ID#:82513),See DN-2861 (ID#:82513),233.81
50514,106-HT-T30,FPQ-13494,SCMS-225412,ASN-26564,Haiti,PMO - US,Direct Drop,EXW,Air,1/21/2014,2/19/2014,7-Aug-14,7-Aug-14,12-Aug-14,HRDT,HIV test,"Orgenics, Ltd","HIV 1/2, Determine Complete HIV Kit, 100 Tests","HIV 1/2, Determine Complete HIV Kit",Determine,,Test kit,100,4500,450000.0,100.0,1.0,"Alere Medical Co., Ltd.",Yes,1825,17758.82,462.6
85752,151-NG-T30,FPQ-6800,SO-39210,DN-2171,Nigeria,PMO - US,From RDC,N/A - From RDC,Air Charter,12/7/2010,N/A - From RDC,21-Jun-11,10-May-11,10-May-11,ARV,Adult,SCMS from RDC,"Nevirapine 200mg, tablets, 60 Tabs",Nevirapine,Generic,200mg,Tablet,60,129557,325188.07,2.51,0.04,"Aurobindo Unit III, India",Yes,14710,12601.07,536.56
85481,105-GY-T30,FPQ-14042,SO-48500,DN-3737,Guyana,PMO - US,From RDC,N/A - From RDC,Air,4/9/2014,N/A - From RDC,30-Jun-14,3-Jun-14,18-Jul-14,ARV,Adult,SCMS from RDC,"Lamivudine 150mg, tablets, 60 Tabs",Lamivudine,Generic,150mg,Tablet,60,574,998.76,1.74,0.03,"Aurobindo Unit III, India",No,See DN-3737 (ID#:84934),See DN-3737 (ID#:84934),1.03
12851,104-CI-T01,Pre-PQ Process,SO-21880,DN-1152,Côte d'Ivoire,PMO - US,From RDC,N/A - From RDC,Air,Pre-PQ Process,N/A - From RDC,30-Apr-09,30-Apr-09,30-Apr-09,ARV,Adult,SCMS from RDC,"Tenofovir Disoproxil Fumarate 300mg, tablets, 30 Tabs",Tenofovir Disoproxil Fumarate,Generic,300mg,Tablet,30,2200,29216.0,13.28,0.44,Mylan (formerly Matrix) Nashik,No,See DN-1152 (ID#:11010),See DN-1152 (ID#:11010),57.26
82551,103-ZW-T30,FPQ-9907,SO-42260,DN-3032,Zimbabwe,PMO - US,From RDC,N/A - From RDC,Truck,5/15/2012,N/A - From RDC,31-Mar-13,14-Mar-13,14-Mar-13,ARV,Pediatric,SCMS from RDC,"Lamivudine/Stavudine 30/6mg, dispersible tablets, 60 Tabs",Lamivudine/Stavudine,Generic,30/6mg,Chewable/dispersible tablet - FDC,60,7372,14006.8,1.9,0.03,"Cipla, Goa, India",Yes,5453,9405.81,19.64
24884,110-ZM-T30,FPQ-9074,SCMS-134290,ASN-13651,Zambia,PMO - US,Direct Drop,EXW,Air,12/22/2011,1/24/2012,29-Feb-12,29-Feb-12,29-Feb-12,ARV,Adult,Aurobindo Pharma Limited,"Emtricitabine/Tenofovir Disoproxil Fumarate 200/300mg, tablets, 30 Tabs",Emtricitabine/Tenofovir Disoproxil Fumarate,Generic,200/300mg,Tablet - FDC,30,100000,735000.0,7.35,0.24,"Aurobindo Unit III, India",Yes,9369,50030.37,1030.47
7032,108-VN-T01,Pre-PQ Process,SCMS-20490,ASN-1795,Vietnam,PMO - US,Direct Drop,EXW,Air,Pre-PQ Process,3/31/2008,2-Jun-08,2-Jun-08,2-Jun-08,ARV,Pediatric,Aurobindo Pharma Limited,"Zidovudine 100mg, capsules, 100 Caps",Zidovudine,Generic,100mg,Capsule,100,630,3458.7,5.49,0.05,"Aurobindo Unit III, India",Yes,48,2729.91,5.53
86470,102-LY-T30,FPQ-9665,SO-41910,DN-2642,Libya,PMO - US,From RDC,N/A - From RDC,Air,4/4/2012,N/A - From RDC,23-May-12,8-May-12,8-May-12,ARV,Adult,SCMS from RDC,"Efavirenz 600mg, tablets, 30 Tabs",Efavirenz,Generic,600mg,Tablet,30,6667,26067.97,3.91,0.13,"Strides, Bangalore, India.",Yes,406,3062.18,36.55
83565,101-CD-T30,FPQ-8840,SO-41148,DN-2512,"Congo, DRC",PMO - US,From RDC,N/A - From RDC,Air,11/21/2011,N/A - From RDC,16-Mar-12,14-Mar-12,14-Mar-12,ARV,Pediatric,SCMS from RDC,"Nevirapine 10mg/ml, oral suspension w/syringe, Bottle, 240 ml",Nevirapine,Generic,10mg/ml,Oral suspension,240,2463,4802.85,1.95,0.01,"Aurobindo Unit III, India",No,See DN-2512 (ID#:82443),See DN-2512 (ID#:82443),6.73
66925,108-VN-T30,FPQ-6818,SCMS-98050,ASN-11023,Vietnam,PMO - US,Direct Drop,EXW,Air,1/17/2011,2/15/2011,22-Jun-11,22-Jun-11,22-Jun-11,ARV,Adult,MYLAN LABORATORIES LTD (FORMERLY MATRIX LABORATORIES),"Abacavir 300mg, tablets, 60 Tabs",Abacavir,Generic,300mg,Tablet,60,64,960.0,15.0,0.25,Mylan (formerly Matrix) Nashik,No,See ASN-11023 (ID#:37963),See ASN-11023 (ID#:37963),1.58
84480,110-ZM-T30,FPQ-14784,SO-49600,DN-4316,Zambia,PMO - US,From RDC,N/A - From RDC,Truck,8/12/2014,N/A - From RDC,31-Aug-15,25-Aug-15,3-Sep-15,ARV,Adult,SCMS from RDC,"Efavirenz/Lamivudine/Tenofovir Disoproxil Fumarate 600/300/300mg, tablets, 30 Tabs",Efavirenz/Lamivudine/Tenofovir Disoproxil Fumarate,Generic,600/300/300mg,Tablet - FDC,30,51335,512836.65,9.99,0.33,"Aurobindo Unit VII, IN",Yes,85128,Freight Included in Commodity Cost,527.2
39088,151-NG-T30,FPQ-12803,SCMS-206330,ASN-23373,Nigeria,PMO - US,Direct Drop,FCA,Air,8/13/2013,9/17/2013,30-Dec-13,30-Dec-13,30-Dec-13,ARV,Pediatric,ABBVIE LOGISTICS (FORMERLY ABBOTT LOGISTICS BV),"Lopinavir/Ritonavir 100/25mg [Aluvia], tablets, 60 Tabs",Lopinavir/Ritonavir,Generic,100/25mg,Tablet,60,5513,32747.22,5.94,0.1,ABBVIE Ludwigshafen Germany,Yes,640,6185.25,40.51
84865,151-NG-T30,FPQ-12248,SO-45661,DN-3368,Nigeria,PMO - US,From RDC,N/A - From RDC,Air Charter,5/6/2013,N/A - From RDC,18-Nov-13,14-Oct-13,24-Oct-13,ARV,Adult,SCMS from RDC,"Efavirenz/Lamivudine/Tenofovir Disoproxil Fumarate 600/300/300mg, tablets, 30 Tabs",Efavirenz/Lamivudine/Tenofovir Disoproxil Fumarate,Generic,600/300/300mg,Tablet - FDC,30,100000,1115000.0,11.15,0.37,Mylan (formerly Matrix) Nashik,No,See DN-3368 (ID#:83730),See DN-3368 (ID#:83730),1379.26
38183,104-CI-T30,FPQ-12622,SCMS-201211,ASN-23979,Côte d'Ivoire,PMO - US,Direct Drop,EXW,Air,7/16/2013,8/15/2013,31-Jan-14,31-Jan-14,3-Feb-14,HRDT,HIV test,"Standard Diagnostics, Inc.","HIV 1/2, Bioline 3.0 Kit, Lancets, Capillary pipets, Alcohol swabs included, 25 Tests","HIV 1/2, Bioline 3.0 Kit, Lancets, Capillary pipets, Alcohol swabs included",Bioline,,Test kit,25,2400,49200.0,20.5,0.82,"Standard Diagnostics, Korea",Yes,831,9254.06,60.86
84984,102-BI-T30,FPQ-14112,SO-48630,DN-3952,Burundi,PMO - US,From RDC,N/A - From RDC,Air,4/18/2014,N/A - From RDC,31-Oct-14,15-Oct-14,28-Oct-14,ARV,Adult,SCMS from RDC,"Lamivudine/Zidovudine 150/300mg, tablets, 60 Tabs",Lamivudine/Zidovudine,Generic,150/300mg,Tablet - FDC,60,2532,16711.2,6.6,0.11,Mylan (formerly Matrix) Nashik,No,See DN-3952 (ID#:82736),See DN-3952 (ID#:82736),17.18
86067,114-UG-T30,FPQ-13108,SO-46872,DN-3607,Uganda,PMO - US,From RDC,N/A - From RDC,Truck,10/16/2013,N/A - From RDC,21-Mar-14,18-Apr-14,28-Apr-14,ARV,Adult,SCMS from RDC,"Lamivudine/Nevirapine/Zidovudine 150/200/300mg, tablets, 60 Tabs",Lamivudine/Nevirapine/Zidovudine,Generic,150/300/200mg,Tablet - FDC,60,34138,281979.88,8.26,0.14,"Aurobindo Unit III, India",Yes,4009,4947.38,289.88
82560,105-GY-T30,FPQ-11546,SO-44530,DN-3059,Guyana,PMO - US,From RDC,N/A - From RDC,Truck,1/28/2013,N/A - From RDC,18-Apr-13,15-Mar-13,15-Mar-13,ARV,Pediatric,SCMS from RDC,"Efavirenz 200mg, scored tablets, 90 Tabs",Efavirenz,Generic,200mg,Tablet,90,49,357.7,7.3,0.08,"Strides, Bangalore, India.",Yes,110,3178,0.44
32953,107-RW-T30,FPQ-12791,SCMS-205930,ASN-23656,Rwanda,PMO - US,Direct Drop,EXW,Air,8/9/2013,9/19/2013,31-Jan-14,31-Jan-14,4-Mar-14,ARV,Adult,MYLAN LABORATORIES LTD (FORMERLY MATRIX LABORATORIES),"Abacavir/Lamivudine 600/300mg, tablets, 30 Tabs",Abacavir/Lamivudine,Generic,600/300mg,Tablet - FDC,30,40705,549110.45,13.49,0.45,Mylan (formerly Matrix) Nashik,Yes,3948,24035.49,679.25
11943,106-HT-T01,Pre-PQ Process,SO-15950,DN-945,Haiti,PMO - US,From RDC,N/A - From RDC,Air,Pre-PQ Process,N/A - From RDC,27-Oct-08,27-Oct-08,27-Oct-08,ARV,Adult,SCMS from RDC,"Lamivudine/Zidovudine 150/300mg, tablets, 60 Tabs",Lamivudine/Zidovudine,Generic,150/300mg,Tablet - FDC,60,93000,869550.0,9.35,0.16,"Aurobindo Unit III, India",No,See DN-945 (ID#:11018),See DN-945 (ID#:11018),1391.28
22328,161-ZA-T30,FPQ-6262,SCMS-83730,ASN-10249,South Africa,PMO - US,Direct Drop,DDP,Ocean,8/31/2010,9/24/2010,3-May-11,3-May-11,3-May-11,ARV,Pediatric,Aurobindo Pharma Limited,"Efavirenz 200mg, capsule, 90 Caps",Efavirenz,Generic,200mg,Capsule,90,22643,225977.14,9.98,0.11,"Aurobindo Unit III, India",Yes,3000,4573.21,487.21
64108,133-NG-T30,FPQ-10349,SCMS-155320,ASN-16909,Nigeria,PMO - US,Direct Drop,EXW,Air,7/17/2012,8/13/2012,6-Nov-12,6-Nov-12,6-Nov-12,HRDT,HIV test,"Orgenics, Ltd","HIV 1/2, Determine Complete HIV Kit, 100 Tests","HIV 1/2, Determine Complete HIV Kit",Determine,,Test kit,100,2835,252315.0,89.0,0.89,"Alere Medical Co., Ltd.",Yes,1352,30726.22,353.75
84086,110-ZM-T30,FPQ-6222,SO-38600,DN-2196,Zambia,PMO - US,From RDC,N/A - From RDC,Truck,8/20/2010,N/A - From RDC,14-Apr-11,10-Jun-11,10-Jun-11,ARV,Adult,SCMS from RDC,"Zidovudine 300mg, tablets, 60 Tabs",Zidovudine,Generic,300mg,Tablet,60,10394,72965.88,7.02,0.12,Hetero Unit III Hyderabad IN,Yes,14935,15919.88,157.31
1929,116-ZA-T01,Pre-PQ Process,SCMS-26820,ASN-2488,South Africa,PMO - US,Direct Drop,DDP,Truck,Pre-PQ Process,Date Not Captured,10-Jul-08,8-Jul-08,8-Jul-08,ARV,Pediatric,S. BUYS WHOLESALER,"Didanosine 2g [Videx], powder for oral solution 10mg/ml, reconstitute to 200 ml",Didanosine,Videx,2g,Powder for oral solution,200,12,150.48,12.54,0.06,"BMS Meymac, France",No,Weight Captured Separately,Freight Included in Commodity Cost,0.24
85734,104-CI-T30,FPQ-5925,SO-37130,DN-2095,Côte d'Ivoire,PMO - US,From RDC,N/A - From RDC,Air,6/23/2010,N/A - From RDC,22-Feb-11,22-Feb-11,22-Feb-11,ARV,Adult,SCMS from RDC,"Lamivudine/Stavudine 150/30mg, tablets, 60 Tabs",Lamivudine/Stavudine,Generic,150/30mg,Tablet - FDC,60,63000,206640.0,3.28,0.05,Mylan (formerly Matrix) Nashik,No,See DN-2095 (ID#:85733),See DN-2095 (ID#:85733),445.52
75309,116-ZA-T30,FPQ-13973,SCMS-238553,ASN-28021,South Africa,PMO - US,Direct Drop,DDP,Truck,4/30/2014,8/28/2014,28-Aug-14,28-Aug-14,28-Aug-14,ARV,Adult,PHARMACY DIRECT,"Abacavir 300mg, tablets, 60 Tabs",Abacavir,Generic,300mg,Tablet,60,99,6830.08,68.99,1.15,"Aurobindo Unit III, India",No,Weight Captured Separately,Freight Included in Commodity Cost,7.02
83658,113-ZW-T30,FPQ-10895,SO-43580,DN-3033,Zimbabwe,PMO - US,From RDC,N/A - From RDC,Truck,10/25/2012,N/A - From RDC,31-Mar-13,14-Mar-13,14-Mar-13,ARV,Adult,SCMS from RDC,"Efavirenz 600mg, tablets, 30 Tabs",Efavirenz,Generic,600mg,Tablet,30,4800,15984.0,3.33,0.11,"Hetero, Jadcherla, unit 5, IN",Yes,3082,9405.8,19.77
10855,104-CI-T01,Pre-PQ Process,SO-616,DN-288,Côte d'Ivoire,PMO - US,From RDC,N/A - From RDC,,Pre-PQ Process,N/A - From RDC,13-Aug-07,13-Aug-07,13-Aug-07,ARV,Adult,SCMS from RDC,"Zidovudine 300mg, tablets, 60 Tabs",Zidovudine,Generic,300mg,Tablet,60,18290,155830.8,8.52,0.14,"Aurobindo Unit III, India",Yes,1114,3473,249.33
86441,101-CD-T30,FPQ-8840,SO-41135,DN-2497,"Congo, DRC",PMO - US,From RDC,N/A - From RDC,Air,11/21/2011,N/A - From RDC,16-Mar-12,14-Feb-12,14-Feb-12,ARV,Adult,SCMS from RDC,"Nevirapine 200mg, tablets, 60 Tabs",Nevirapine,Generic,200mg,Tablet,60,21,54.18,2.58,0.04,"Strides, Bangalore, India.",No,See DN-2497 (ID#:82435),See DN-2497 (ID#:82435),0.08
77901,133-NG-T30,FPQ-10765,SCMS-162440,ASN-18172,Nigeria,PMO - US,Direct Drop,EXW,Air,10/5/2012,10/16/2012,9-Jan-13,21-Feb-13,21-Feb-13,HRDT,HIV test,"Orgenics, Ltd","HIV 1/2, Determine Complete HIV Kit, 100 Tests","HIV 1/2, Determine Complete HIV Kit",Determine,,Test kit,100,2744,244216.0,89.0,0.89,"Alere Medical Co., Ltd.",Yes,1235,88176.17,342.39
10903,112-NG-T01,Pre-PQ Process,SO-1221,DN-409,Nigeria,PMO - US,From RDC,N/A - From RDC,Air,Pre-PQ Process,N/A - From RDC,16-Nov-07,16-Nov-07,16-Nov-07,ARV,Pediatric,SCMS from RDC,"Efavirenz 50mg, capsule, 30 Caps",Efavirenz,Generic,50mg,Capsule,30,100,224.0,2.24,0.07,"Aurobindo Unit III, India",Yes,118,1616.04,0.36
11217,117-ET-T01,Pre-PQ Process,SO-1542,DN-529,Ethiopia,PMO - US,From RDC,N/A - From RDC,Air,Pre-PQ Process,N/A - From RDC,20-Dec-07,20-Dec-07,20-Dec-07,ARV,Adult,SCMS from RDC,"Lamivudine/Zidovudine 150/300mg, tablets, 60 Tabs",Lamivudine/Zidovudine,Generic,150/300mg,Tablet - FDC,60,9692,92074.0,9.5,0.16,"Aurobindo Unit III, India",Yes,1215,6346.22,147.32
82430,109-TZ-T30,FPQ-8297,SO-40601,DN-2483,Tanzania,PMO - US,From RDC,N/A - From RDC,Truck,8/22/2011,N/A - From RDC,29-Feb-12,5-Feb-12,5-Feb-12,ARV,Adult,SCMS from RDC,"Efavirenz 600mg, tablets, 30 Tabs",Efavirenz,Generic,600mg,Tablet,30,200693,846924.46,4.22,0.14,"Strides, Bangalore, India.",Yes,17947,Freight Included in Commodity Cost,1397.43
52540,117-ET-T30,FPQ-6976,SCMS-98310,ASN-10666,Ethiopia,PMO - US,Direct Drop,EXW,Air,1/13/2011,2/1/2011,4-May-11,4-May-11,4-May-11,ARV,Adult,Aurobindo Pharma Limited,"Didanosine 250mg, delayed-release capsules, 30 Caps",Didanosine,Generic,250mg,Delayed-release capsules,30,1625,21125.0,13.0,0.43,"Aurobindo Unit III, India",Yes,111,1206.62,34.86
10726,110-ZM-T01,Pre-PQ Process,SO-2492,DN-966,Zambia,PMO - US,From RDC,N/A - From RDC,Truck,Pre-PQ Process,N/A - From RDC,7-Nov-08,7-Nov-08,7-Nov-08,ARV,Adult,SCMS from RDC,"Nevirapine 200mg, tablets, 60 Tabs",Nevirapine,Generic,200mg,Tablet,60,50000,170000.0,3.4,0.06,Hetero Unit III Hyderabad IN,Yes,2764,2938.92,333.2
86400,114-UG-T30,FPQ-8048,SO-40220,DN-2313,Uganda,PMO - US,From RDC,N/A - From RDC,Truck,7/13/2011,N/A - From RDC,22-Sep-11,26-Aug-11,26-Aug-11,ARV,Adult,SCMS from RDC,"Zidovudine 300mg, tablets, 60 Tabs",Zidovudine,Generic,300mg,Tablet,60,1684,11821.68,7.02,0.12,Hetero Unit III Hyderabad IN,No,See DN-2313 (ID#:85780),See DN-2313 (ID#:85780),19.51
84867,151-NG-T30,FPQ-13091,SO-46780,DN-3374,Nigeria,PMO - US,From RDC,N/A - From RDC,Air Charter,10/10/2013,N/A - From RDC,7-Nov-13,21-Oct-13,29-Oct-13,ARV,Adult,SCMS from RDC,"Zidovudine 300mg, tablets, 60 Tabs",Zidovudine,Generic,300mg,Tablet,60,4068,25425.0,6.25,0.1,"Aurobindo Unit III, India",Yes,268,20225.07,26.14
73115,111-MZ-T30,FPQ-11915,SCMS-185220,ASN-21586,Mozambique,PMO - US,Direct Drop,FCA,Air,3/20/2013,5/1/2013,8-Oct-13,8-Oct-13,8-Oct-13,ARV,Adult,ABBVIE LOGISTICS (FORMERLY ABBOTT LOGISTICS BV),"Ritonavir 100mg [Norvir], film coated tablets, 60 Tabs",Ritonavir,Norvir,100mg,Tablet,60,616,4219.6,6.85,0.11,ABBVIE Ludwigshafen Germany,Yes,87,1053.88,5.22
8693,131-NG-T01,Pre-PQ Process,SCMS-30501,ASN-3706,Nigeria,PMO - US,Direct Drop,CIP,Air,Pre-PQ Process,9/23/2008,10-Mar-09,10-Mar-09,10-Mar-09,ARV,Adult,MERCK SHARP & DOHME IDEA GMBH (FORMALLY MERCK SHARP & DOHME B.V.),"Efavirenz/Emtricitabine/Tenofovir Disoproxil Fumarate 600/200/300mg [Atripla], tablets, 30 Tabs",Efavirenz/Emtricitabine/Tenofovir Disoproxil Fumarate,Atripla,600/200/300mg,Tablet - FDC,30,3991,201146.4,50.4,1.68,"MSD, Haarlem, NL",Yes,Weight Captured Separately,Freight Included in Commodity Cost,394.25
86655,151-NG-T30,FPQ-12248,SO-45665,DN-3551,Nigeria,PMO - US,From RDC,N/A - From RDC,Air Charter,5/6/2013,N/A - From RDC,28-Feb-14,10-Feb-14,19-Feb-14,ARV,Adult,SCMS from RDC,"Lamivudine/Nevirapine/Zidovudine 150/200/300mg, tablets, 60 Tabs",Lamivudine/Nevirapine/Zidovudine,Generic,150/300/200mg,Tablet - FDC,60,83300,688058.0,8.26,0.14,Hetero Unit III Hyderabad IN,No,See DN-3551 (ID#:84895),See DN-3551 (ID#:84895),851.13
13555,108-VN-T30,FPQ-14516,SCMS-249040,ASN-29768,Vietnam,PMO - US,Direct Drop,EXW,Air,7/9/2014,8/8/2014,5-Feb-15,5-Feb-15,5-Feb-15,ARV,Adult,MYLAN LABORATORIES LTD (FORMERLY MATRIX LABORATORIES),"Lamivudine/Nevirapine/Zidovudine 150/200/300mg, tablets, 60 Tabs",Lamivudine/Nevirapine/Zidovudine,Generic,150/300/200mg,Tablet - FDC,60,13000,105300.0,8.1,0.13,Mylan (formerly Matrix) Nashik,Yes,2672,2504.64,108.25
26800,133-NG-T30,FPQ-16329,SCMS-289130,ASN-32958,Nigeria,PMO - US,Direct Drop,EXW,Air,5/7/2015,5/26/2015,14-Jul-15,9-Jul-15,9-Jul-15,HRDT,HIV test,"Orgenics, Ltd","HIV 1/2, Determine Complete HIV Kit, 100 Tests","HIV 1/2, Determine Complete HIV Kit",Determine,,Test kit,100,6392,568888.0,89.0,0.89,"Alere Medical Co., Ltd.",Yes,2592,Freight Included in Commodity Cost,669.58
17129,108-VN-T30,FPQ-12187,SCMS-188500,ASN-21817,Vietnam,PMO - US,Direct Drop,EXW,Air,5/3/2013,5/10/2013,23-Oct-13,23-Oct-13,24-Oct-13,ARV,Adult,MYLAN LABORATORIES LTD (FORMERLY MATRIX LABORATORIES),"Efavirenz/Lamivudine/Tenofovir Disoproxil Fumarate 600/300/300mg, tablets, 30 Tabs",Efavirenz/Lamivudine/Tenofovir Disoproxil Fumarate,Generic,600/300/300mg,Tablet - FDC,30,84000,965160.0,11.49,0.38,Mylan (formerly Matrix) Nashik,Yes,9479,14402.92,1193.9
62433,111-MZ-T30,FPQ-3999,SCMS-50170,ASN-4672,Mozambique,PMO - US,Direct Drop,EXW,Air,7/15/2009,7/25/2009,8-Sep-09,8-Sep-09,8-Sep-09,HRDT,HIV test,"Trinity Biotech, Plc","HIV 1/2, Uni-Gold HIV Kit, 20 Tests","HIV 1/2, Uni-Gold HIV Kit",Uni-Gold,,Test kit,20,4200,134400.0,32.0,1.6,"Trinity Biotech, Plc",Yes,1650,23167.84,263.42
10818,110-ZM-T01,Pre-PQ Process,SO-311,DN-129,Zambia,PMO - US,From RDC,N/A - From RDC,,Pre-PQ Process,N/A - From RDC,15-May-07,15-May-07,15-May-07,ARV,Adult,SCMS from RDC,"Lamivudine/Zidovudine 150/300mg, tablets, 60 Tabs",Lamivudine/Zidovudine,Generic,150/300mg,Tablet - FDC,60,85158,909487.44,10.68,0.18,"Aurobindo Unit III, India",Yes,8169,33572.78,
38021,116-ZA-T30,FPQ-14942,SCMS-259077,ASN-33477,South Africa,PMO - US,Direct Drop,DDP,Truck,9/11/2014,10/9/2014,24-Jul-15,24-Jul-15,24-Jul-15,ARV,Adult,PHARMACY DIRECT,"Abacavir 300mg, tablets, 60 Tabs",Abacavir,Generic,300mg,Tablet,60,33,1645.14,49.85,0.83,"Aurobindo Unit III, India",No,Weight Captured Separately,Freight Included in Commodity Cost,1.69
37452,116-ZA-T30,FPQ-14942,SCMS-259075,ASN-32122,South Africa,PMO - US,Direct Drop,DDP,Truck,9/11/2014,5/11/2015,12-May-15,12-May-15,12-May-15,ARV,Pediatric,PHARMACY DIRECT,"Abacavir 20mg/ml, oral solution, Bottle, 240 ml",Abacavir,Generic,20mg/ml,Oral solution,240,14,247.96,17.71,0.07,"Aurobindo Unit III, India",No,Weight Captured Separately,Freight Included in Commodity Cost,0.25
11884,104-CI-T01,Pre-PQ Process,SO-2043,DN-684,Côte d'Ivoire,PMO - US,From RDC,N/A - From RDC,Air,Pre-PQ Process,N/A - From RDC,8-Apr-08,8-Apr-08,8-Apr-08,ARV,Pediatric,SCMS from RDC,"Efavirenz 30mg/ml [Stocrin/Sustiva], oral solution, Bottle, 180 ml",Efavirenz,Stocrin/Sustiva,30mg/ml,Oral solution,180,1503,25490.88,16.96,0.09,"MSD, Haarlem, NL",Yes,608,1996.68,40.79
82648,111-MZ-T30,FPQ-12573,SO-46172,DN-3525,Mozambique,PMO - US,From RDC,N/A - From RDC,Truck,6/28/2013,N/A - From RDC,31-Jan-14,20-Feb-14,19-Mar-14,ARV,Adult,SCMS from RDC,"Lamivudine/Nevirapine/Stavudine 150/200/30mg, tablets, 60 Tabs",Lamivudine/Nevirapine/Stavudine,Generic,150/200/30mg,Tablet - FDC,60,35533,153502.56,4.32,0.07,"Strides, Bangalore, India.",Yes,7654,7928.11,189.88
12094,111-MZ-T01,Pre-PQ Process,SO-298,DN-304,Mozambique,PMO - US,From RDC,N/A - From RDC,Air,Pre-PQ Process,N/A - From RDC,21-Sep-07,21-Sep-07,21-Sep-07,ARV,Adult,SCMS from RDC,"Efavirenz 600mg, tablets, 30 Tabs",Efavirenz,Generic,600mg,Tablet,30,25913,434042.75,16.75,0.56,"Cipla, Goa, India",No,See DN-304 (ID#:10589),See DN-304 (ID#:10589),694.47
65323,109-TZ-T30,FPQ-12540,SCMS-198771,ASN-22833,Tanzania,PMO - US,Direct Drop,EXW,Air,7/3/2013,8/27/2013,27-Dec-13,27-Dec-13,27-Dec-13,ARV,Adult,CIPLA LIMITED,"Lamivudine/Nevirapine/Zidovudine 150/200/300mg, tablets, 60 Tabs",Lamivudine/Nevirapine/Zidovudine,Generic,150/300/200mg,Tablet - FDC,60,53239,431235.9,8.1,0.13,"Cipla, Goa, India",Yes,7696,33442.63,533.44
12608,111-MZ-T01,Pre-PQ Process,SO-32570,DN-1396,Mozambique,PMO - US,From RDC,N/A - From RDC,Truck,Date Not Captured,N/A - From RDC,7-Oct-09,7-Oct-09,7-Oct-09,ARV,Adult,SCMS from RDC,"Lamivudine/Stavudine 150/30mg, tablets, 60 Tabs",Lamivudine/Stavudine,Generic,150/30mg,Tablet - FDC,60,17500,68250.0,3.9,0.06,Mylan (formerly Matrix) Nashik,Yes,1292,1588.05,133.77
37157,111-MZ-T30,FPQ-7807,SCMS-111300,ASN-12116,Mozambique,PMO - US,Direct Drop,EXW,Air,5/31/2011,6/13/2011,26-Oct-11,26-Oct-11,26-Oct-11,HRDT,HIV test,"Orgenics, Ltd","HIV 1/2, Determine Complete HIV Kit, 100 Tests","HIV 1/2, Determine Complete HIV Kit",Determine,,Test kit,100,120,9600.0,80.0,0.8,Inverness Japan,Yes,55,3267.66,15.84
78671,161-ZA-T30,FPQ-6708,SCMS-93510,ASN-11510,South Africa,PMO - US,Direct Drop,DDP,Ocean,11/26/2010,12/14/2010,14-Oct-11,14-Oct-11,14-Oct-11,ARV,Pediatric,Aurobindo Pharma Limited,"Nevirapine 10mg/ml, oral suspension w/syringe, Bottle, 240 ml",Nevirapine,Generic,10mg/ml,Oral suspension,240,8500,18020.0,2.12,0.01,"Aurobindo Unit III, India",Yes,3061,3530.94,29.73
35375,116-ZA-T30,FPQ-7176,SCMS-104380,ASN-11720,South Africa,PMO - US,Direct Drop,DDP,Ocean,3/10/2011,4/1/2011,3-Nov-11,3-Nov-11,3-Nov-11,ARV,Adult,Aurobindo Pharma Limited,"Efavirenz 600mg, tablets, 30 Tabs",Efavirenz,Generic,600mg,Tablet,30,69255,312340.05,4.51,0.15,"Aurobindo Unit III, India",Yes,5887,4232.71,515.36
83042,107-RW-T30,FPQ-9912,SO-42160,DN-2691,Rwanda,PMO - US,From RDC,N/A - From RDC,Air,5/11/2012,N/A - From RDC,31-Jul-12,15-Jun-12,15-Jun-12,ARV,Adult,SCMS from RDC,"Tenofovir Disoproxil Fumarate 300mg, tablets, 30 Tabs",Tenofovir Disoproxil Fumarate,Generic,300mg,Tablet,30,1056,5808.0,5.5,0.18,Mylan (formerly Matrix) Nashik,Yes,69,1366.67,8.14
84908,106-HT-T30,FPQ-13608,SO-47690,DN-3586,Haiti,PMO - US,From RDC,N/A - From RDC,Air,1/22/2014,N/A - From RDC,30-Mar-14,24-Mar-14,6-May-14,ARV,Adult,SCMS from RDC,"Efavirenz 600mg, tablets, 30 Tabs",Efavirenz,Generic,600mg,Tablet,30,25000,83250.0,3.33,0.11,"Hetero, Jadcherla, unit 5, IN",No,See DN-3586 (ID#:83224),See DN-3586 (ID#:83224),85.58
36842,133-NG-T30,FPQ-12812,SCMS-210350,ASN-22885,Nigeria,PMO - US,Direct Drop,EXW,Air,8/13/2013,11/1/2013,23-Dec-13,12-Dec-13,16-Dec-13,HRDT,HIV test,"Orgenics, Ltd","HIV 1/2, Determine Complete HIV Kit, 100 Tests","HIV 1/2, Determine Complete HIV Kit",Determine,,Test kit,100,9308,828412.0,89.0,0.89,"Alere Medical Co., Ltd.",Yes,3778,59767.71,1024.75
67057,107-RW-T30,FPQ-14090,SCMS-239700,ASN-28331,Rwanda,PMO - US,Direct Drop,EXW,Air,4/17/2014,6/9/2014,17-Oct-14,17-Oct-14,17-Oct-14,HRDT,HIV test,"Orgenics, Ltd","HIV 1/2, Determine Complete HIV Kit, 100 Tests","HIV 1/2, Determine Complete HIV Kit",Determine,,Test kit,100,1891,151280.0,80.0,0.8,"Alere Medical Co., Ltd.",Yes,766,14125.63,155.52
12314,110-ZM-T01,Pre-PQ Process,SO-29080,DN-1404,Zambia,PMO - US,From RDC,N/A - From RDC,Truck,Date Not Captured,N/A - From RDC,22-Sep-09,22-Sep-09,22-Sep-09,ARV,Adult,SCMS from RDC,"Lamivudine/Tenofovir Disoproxil Fumarate 300/300mg, tablets, 30 Tabs",Lamivudine/Tenofovir Disoproxil Fumarate,Generic,300/300mg,Tablet - FDC,30,92000,1058000.0,11.5,0.38,Mylan (formerly Matrix) Nashik,Yes,7678,6759.28,2073.68
9753,116-ZA-T01,Pre-PQ Process,SCMS-23500,ASN-2300,South Africa,PMO - US,Direct Drop,DDP,Truck,Pre-PQ Process,Date Not Captured,20-Aug-08,14-May-08,14-May-08,ARV,Adult,S. BUYS WHOLESALER,"Saquinavir 200mg [Invirase], capsules, 270 Caps",Saquinavir,Invirase,200mg,Capsule,270,4,285.52,71.38,0.26,Roche Basel,No,Weight Captured Separately,Freight Included in Commodity Cost,0.46
23159,108-VN-T30,FPQ-5899,SCMS-77170,ASN-7779,Vietnam,PMO - US,Direct Drop,FCA,Air,6/23/2010,7/1/2010,6-Sep-10,6-Sep-10,6-Sep-10,ARV,Adult,ABBVIE LOGISTICS (FORMERLY ABBOTT LOGISTICS BV),"Ritonavir 100mg [Norvir], capsules, cool, 4 x 84 Caps",Ritonavir,Norvir,100mg,Capsule,336,24,7365.12,306.88,0.91,ABBVIE (Abbott) Logis. UK,Yes,60,3981.97,15.88
21752,108-VN-T30,FPQ-5317,SCMS-69250,ASN-7661,Vietnam,PMO - US,Direct Drop,EXW,Air,3/22/2010,3/25/2010,13-Aug-10,13-Aug-10,13-Aug-10,ARV,Adult,Aurobindo Pharma Limited,"Didanosine 250mg, delayed-release capsules, 30 Caps",Didanosine,Generic,250mg,Delayed-release capsules,30,252,3276.0,13.0,0.43,"Aurobindo Unit III, India",Yes,1553,13320.8,7.06
51148,108-VN-T30,FPQ-6384,SCMS-87730,ASN-9118,Vietnam,PMO - US,Direct Drop,EXW,Air,9/30/2010,10/15/2010,22-Dec-10,22-Dec-10,22-Dec-10,ARV,Adult,STRIDES ARCOLAB LIMITED,"Lamivudine/Nevirapine/Zidovudine 150/200/300mg, tablets, 60 Tabs",Lamivudine/Nevirapine/Zidovudine,Generic,150/300/200mg,Tablet - FDC,60,25000,275000.0,11.0,0.18,"Strides, Bangalore, India.",No,See ASN-9118 (ID#:42125),See ASN-9118 (ID#:42125),592.9
84619,106-HT-T30,FPQ-6801,SO-38620,DN-2114,Haiti,PMO - US,From RDC,N/A - From RDC,Air,12/14/2010,N/A - From RDC,28-Feb-11,14-Feb-11,14-Feb-11,ARV,Pediatric,SCMS from RDC,"Stavudine 1mg/ml, powder for oral solution w/syringe, 200 ml",Stavudine,Generic,1mg/ml,Powder for oral solution,200,600,804.0,1.34,0.01,"Aurobindo Unit III, India",No,See DN-2114 (ID#:83486),See DN-2114 (ID#:83486),1.33
12202,102-KE-T01,Pre-PQ Process,SO-1973,DN-697,Kenya,PMO - US,From RDC,N/A - From RDC,Truck,Pre-PQ Process,N/A - From RDC,31-Mar-08,31-Mar-08,31-Mar-08,HRDT,HIV test,SCMS from RDC,"HIV 1/2, Determine HIV Kit, without Lancets, 100 Tests","HIV 1/2, Determine HIV Kit, without Lancets",Determine,,Test kit,100,2000,159980.0,79.99,0.8,Inverness Japan,Yes,490,405.97,255.97
11232,113-ZW-T01,Pre-PQ Process,SO-1051,DN-708,Zimbabwe,PMO - US,From RDC,N/A - From RDC,Truck,Pre-PQ Process,N/A - From RDC,21-Apr-08,21-Apr-08,21-Apr-08,HRDT,HIV test,SCMS from RDC,"HIV 1/2, Bioline 3.0 Kit, Lancets, Capillary pipets, Alcohol swabs included, 25 Tests","HIV 1/2, Bioline 3.0 Kit, Lancets, Capillary pipets, Alcohol swabs included",Bioline,,Test kit,25,5693,113860.0,20.0,0.8,"Standard Diagnostics, Korea",Yes,1740,8008.65,182.18
84354,105-GY-T30,FPQ-13567,SO-47730,DN-3626,Guyana,PMO - US,From RDC,N/A - From RDC,Air,1/16/2014,N/A - From RDC,30-Jun-14,14-Apr-14,6-Jun-14,ARV,Pediatric,SCMS from RDC,"Zidovudine 10mg/ml, oral solution w/syringe, Bottle, 240 ml",Zidovudine,Generic,10mg/ml,Oral solution,240,176,369.6,2.1,0.01,"Aurobindo Unit III, India",No,See DN-3626 (ID#:83781),See DN-3626 (ID#:83781),0.38
39971,108-VN-T30,FPQ-10286,SCMS-155700,ASN-17019,Vietnam,PMO - US,Direct Drop,FCA,Air,7/25/2012,8/14/2012,11-Dec-12,11-Dec-12,11-Dec-12,ARV,Pediatric,ABBVIE LOGISTICS (FORMERLY ABBOTT LOGISTICS BV),"Lopinavir/Ritonavir 100/25mg [Aluvia], tablets, 60 Tabs",Lopinavir/Ritonavir,Generic,100/25mg,Tablet,60,104,1581.84,15.21,0.25,ABBVIE Ludwigshafen Germany,Yes,18,612.07,2.22
84381,110-ZM-T30,FPQ-14105,SO-48652,DN-3877,Zambia,PMO - US,From RDC,N/A - From RDC,Truck,4/16/2014,N/A - From RDC,4-Sep-14,23-Sep-14,17-Oct-14,ARV,Adult,SCMS from RDC,"Lamivudine/Zidovudine 150/300mg, tablets, 60 Tabs",Lamivudine/Zidovudine,Generic,150/300mg,Tablet - FDC,60,35000,228200.0,6.52,0.11,Hetero Unit III Hyderabad IN,No,See DN-3877 (ID#:83254),See DN-3877 (ID#:83254),234.59
12835,109-TZ-T01,Pre-PQ Process,SO-1697,DN-893,Tanzania,PMO - US,From RDC,N/A - From RDC,,Pre-PQ Process,N/A - From RDC,15-Sep-08,15-Sep-08,15-Sep-08,ARV,Adult,SCMS from RDC,"Abacavir 300mg, tablets, 60 Tabs",Abacavir,Generic,300mg,Tablet,60,5730,157746.9,27.53,0.46,"Aurobindo Unit III, India",No,See DN-893 (ID#:11596),See DN-893 (ID#:11596),252.4
10765,151-NG-T01,Pre-PQ Process,SO-30020,DN-1216,Nigeria,PMO - US,From RDC,N/A - From RDC,Air Charter,Pre-PQ Process,N/A - From RDC,8-May-09,8-May-09,8-May-09,ARV,Adult,SCMS from RDC,"Emtricitabine/Tenofovir Disoproxil Fumarate 200/300mg [Truvada], tablets, 30 Tabs",Emtricitabine/Tenofovir Disoproxil Fumarate,Truvada,300/200mg,Tablet - FDC,30,2561,67226.25,26.25,0.88,"Aspen-OSD, Port Elizabeth, SA",Yes,235,15128.37,131.76
82297,114-UG-T30,FPQ-4325,SO-35970,DN-1677,Uganda,PMO - US,From RDC,N/A - From RDC,Air,9/23/2009,N/A - From RDC,19-Mar-10,17-Mar-10,17-Mar-10,ARV,Adult,SCMS from RDC,"Lamivudine 150mg, tablets, 60 Tabs",Lamivudine,Generic,150mg,Tablet,60,3519,8586.36,2.44,0.04,Mylan (formerly Matrix) Nashik,Yes,2538,6298.34,16.83
84688,104-CI-T30,FPQ-8363,SO-40831,DN-2469,Côte d'Ivoire,PMO - US,From RDC,N/A - From RDC,Air Charter,8/29/2011,N/A - From RDC,27-Apr-12,8-Feb-12,8-Feb-12,ARV,Adult,SCMS from RDC,"Lamivudine/Zidovudine 150/300mg, tablets, 60 Tabs",Lamivudine/Zidovudine,Generic,150/300mg,Tablet - FDC,60,57061,471323.86,8.26,0.14,"Cipla, Goa, India",No,See DN-2469 (ID#:82427),See DN-2469 (ID#:82427),777.68
83082,114-UG-T30,FPQ-10395,SO-42940,DN-2860,Uganda,PMO - US,From RDC,N/A - From RDC,Air,7/24/2012,N/A - From RDC,27-Oct-12,27-Oct-12,27-Oct-12,ARV,Adult,SCMS from RDC,"Lamivudine/Tenofovir Disoproxil Fumarate 300/300mg, tablets, 30 Tabs",Lamivudine/Tenofovir Disoproxil Fumarate,Generic,300/300mg,Tablet - FDC,30,11994,64287.84,5.36,0.18,"Cipla, Kurkumbh, India",Yes,1199,7918,90.13
56940,114-UG-T30,FPQ-12477,SCMS-198530,ASN-22141,Uganda,PMO - US,Direct Drop,EXW,Air,7/8/2013,7/31/2013,30-Oct-13,30-Oct-13,30-Oct-13,ARV,Adult,CIPLA LIMITED,"Lamivudine/Tenofovir Disoproxil Fumarate 300/300mg, tablets, 30 Tabs",Lamivudine/Tenofovir Disoproxil Fumarate,Generic,300/300mg,Tablet - FDC,30,16716,76893.6,4.6,0.15,"Cipla, Kurkumbh, India",Yes,1874,7487.81,95.12
11972,100-SZ-T01,Pre-PQ Process,SO-30790,DN-1238,Swaziland,PMO - US,From RDC,N/A - From RDC,Air,Pre-PQ Process,N/A - From RDC,21-May-09,21-May-09,21-May-09,ARV,Adult,SCMS from RDC,"Lamivudine/Nevirapine/Zidovudine 150/200/300mg, tablets, 60 Tabs",Lamivudine/Nevirapine/Zidovudine,Generic,150/300/200mg,Tablet - FDC,60,13600,154360.0,11.35,0.19,"Aurobindo Unit III, India",No,See DN-1238 (ID#:11046),See DN-1238 (ID#:11046),302.55
55138,105-SS-T30,FPQ-15569,SCMS-272140,ASN-31129,South Sudan,PMO - US,Direct Drop,EXW,Air,12/29/2014,2/20/2015,8-May-15,8-May-15,11-May-15,HRDT,HIV test,"Trinity Biotech, Plc","HIV 1/2, Uni-Gold HIV Kit, 20 Tests","HIV 1/2, Uni-Gold HIV Kit",Uni-Gold,,Test kit,20,450,14400.0,32.0,1.6,"Trinity Biotech, Plc",No,See ASN-31129 (ID#:40205),See ASN-31129 (ID#:40205),16.95
85392,101-CD-T30,FPQ-12088,SO-45030,DN-3269,"Congo, DRC",PMO - US,From RDC,N/A - From RDC,Air,4/12/2013,N/A - From RDC,28-Aug-13,8-Feb-14,11-Mar-14,ARV,Pediatric,SCMS from RDC,"Abacavir/Lamivudine 60/30mg, tablets, 60 Tabs",Abacavir/Lamivudine,Generic,60/30mg,Tablet - FDC,60,40,160.0,4.0,0.07,Mylan (formerly Matrix) Nashik,No,See DN-3269 (ID#:83711),See DN-3269 (ID#:83711),0.2
84085,111-MZ-T30,FPQ-7053,SO-39340,DN-2193,Mozambique,PMO - US,From RDC,N/A - From RDC,Truck,1/24/2011,N/A - From RDC,31-May-11,23-Jun-11,23-Jun-11,ARV,Adult,SCMS from RDC,"Stavudine 30mg, capsules, 60 Caps",Stavudine,Generic,30mg,Capsule,60,630,882.0,1.4,0.02,"Aurobindo Unit III, India",Yes,485,947.52,1.46
86167,104-CI-T30,FPQ-14370,SO-49080,DN-4137,Côte d'Ivoire,PMO - US,From RDC,N/A - From RDC,Truck,5/23/2014,N/A - From RDC,27-Feb-15,11-Mar-15,30-Mar-15,ARV,Adult,SCMS from RDC,"Lamivudine/Zidovudine 150/300mg, tablets, 60 Tabs",Lamivudine/Zidovudine,Generic,150/300mg,Tablet - FDC,60,19000,123880.0,6.52,0.11,Hetero Unit III Hyderabad IN,No,See DN-4137 (ID#:84450),See DN-4137 (ID#:84450),127.35
85149,104-CI-T30,FPQ-5623,SO-36881,DN-2012,Côte d'Ivoire,PMO - US,From RDC,N/A - From RDC,Truck,5/7/2010,N/A - From RDC,19-Oct-10,25-Sep-10,25-Sep-10,ARV,Adult,SCMS from RDC,"Lamivudine/Nevirapine/Zidovudine 150/200/300mg, tablets, 60 Tabs",Lamivudine/Nevirapine/Zidovudine,Generic,150/300/200mg,Tablet - FDC,60,118170,1325867.4,11.22,0.19,Mylan (formerly Matrix) Nashik,No,See DN-2012 (ID#:84040),See DN-2012 (ID#:84040),2858.57
3490,116-ZA-T01,Pre-PQ Process,SCMS-33320,ASN-3553,South Africa,PMO - US,Direct Drop,DDP,Truck,Pre-PQ Process,Date Not Captured,17-May-09,9-Oct-08,9-Oct-08,ARV,Adult,S. BUYS WHOLESALER,"Stavudine 30mg [Zerit], capsules, 60 Caps",Stavudine,Zerit,30mg,Capsule,60,1200,5772.0,4.81,0.08,"BMS Meymac, France",No,Weight Captured Separately,Freight Included in Commodity Cost,11.31
86171,110-ZM-T30,FPQ-14575,SO-49280,DN-4154,Zambia,PMO - US,From RDC,N/A - From RDC,Truck,7/11/2014,N/A - From RDC,27-Feb-15,25-Mar-15,26-Mar-15,ARV,Adult,SCMS from RDC,"Nevirapine 200mg, tablets, 60 Tabs",Nevirapine,Generic,200mg,Tablet,60,198040,431727.2,2.18,0.04,Hetero Unit III Hyderabad IN,No,See DN-4154 (ID#:84454),See DN-4154 (ID#:84454),443.82
47,110-ZM-T01,Pre-PQ Process,SCMS-165,ASN-199,Zambia,PMO - US,Direct Drop,CIP,Air,Pre-PQ Process,11/13/2006,30-Jan-07,30-Jan-07,30-Jan-07,ARV,Adult,ABBVIE LOGISTICS (FORMERLY ABBOTT LOGISTICS BV),"Lopinavir/Ritonavir 200/50mg [Aluvia], tablets, 120 Tabs",Lopinavir/Ritonavir,Aluvia,200/50mg,Tablet,120,2800,115080.0,41.1,0.34,ABBVIE (Abbott) St. P'burg USA,Yes,643,Freight Included in Commodity Cost,
30075,901-CM-T30,FPQ-12528,SCMS-196490,ASN-20983,Cameroon,PMO - US,Direct Drop,EXW,Air,6/21/2013,6/28/2013,28-Aug-13,28-Aug-13,28-Aug-13,ARV,Adult,CIPLA LIMITED,"Lamivudine/Nevirapine/Zidovudine 150/200/300mg, tablets, 60 Tabs",Lamivudine/Nevirapine/Zidovudine,Generic,150/300/200mg,Tablet - FDC,60,42452,343861.2,8.1,0.13,"Cipla, Goa, India",Yes,5753,49502.92,425.36
10924,100-ZW-T01,Pre-PQ Process,SO-710,DN-488,Zimbabwe,PMO - US,From RDC,N/A - From RDC,Air,Pre-PQ Process,N/A - From RDC,14-Jan-08,14-Jan-08,14-Jan-08,ARV,Adult,SCMS from RDC,"Efavirenz 600mg, tablets, 30 Tabs",Efavirenz,Generic,600mg,Tablet,30,627,7787.34,12.42,0.41,"Cipla, Goa, India",No,See DN-488 (ID#:10652),See DN-488 (ID#:10652),12.46
84805,104-CI-T30,FPQ-10633,SO-43330,DN-3075,Côte d'Ivoire,PMO - US,From RDC,N/A - From RDC,Truck,9/11/2012,N/A - From RDC,28-Mar-13,30-Mar-13,30-Mar-13,ARV,Adult,SCMS from RDC,"Lamivudine/Zidovudine 150/300mg, tablets, 60 Tabs",Lamivudine/Zidovudine,Generic,150/300mg,Tablet - FDC,60,86152,626325.04,7.27,0.12,"Aurobindo Unit III, India",No,See DN-3075 (ID#:83129),See DN-3075 (ID#:83129),878.11
78846,109-TZ-T30,FPQ-9259,SCMS-136830,ASN-14647,Tanzania,PMO - US,Direct Drop,EXW,Air,1/27/2012,2/3/2012,13-Jul-12,13-Jul-12,13-Jul-12,HRDT,HIV test,"Trinity Biotech, Plc","HIV 1/2, Uni-Gold HIV Kit, 20 Tests","HIV 1/2, Uni-Gold HIV Kit",Uni-Gold,,Test kit,20,9250,296000.0,32.0,1.6,"Trinity Biotech, Plc",Yes,3058,31491.23,414.99
78395,133-NG-T30,FPQ-12458,SCMS-196571,ASN-22752,Nigeria,PMO - US,Direct Drop,EXW,Air,6/10/2013,7/10/2013,25-Nov-13,25-Nov-13,20-Dec-13,HRDT,HIV test,"CHEMBIO DIAGNOSTIC SYSTEMS, INC.","HIV 1/2, Stat-Pak HIV, Kit, 20 Tests","HIV 1/2, Stat-Pak HIV, Kit",Stat-Pak,,Test kit,20,5439,174048.0,32.0,1.6,Chembio Diagnostics Sys. Inc.,Yes,2097,9634.16,215.3
85224,101-CD-T30,FPQ-8840,SO-41137,DN-2499,"Congo, DRC",PMO - US,From RDC,N/A - From RDC,Air,11/21/2011,N/A - From RDC,16-Mar-12,14-Feb-12,14-Feb-12,ARV,Adult,SCMS from RDC,"Nevirapine 200mg, tablets, 60 Tabs",Nevirapine,Generic,200mg,Tablet,60,400,1032.0,2.58,0.04,"Strides, Bangalore, India.",No,See DN-2499 (ID#:83004),See DN-2499 (ID#:83004),1.45
85064,154-NG-T30,FPQ-3815,SO-32272,DN-1360,Nigeria,PMO - US,From RDC,N/A - From RDC,Air Charter,5/26/2009,N/A - From RDC,31-Aug-09,4-Aug-09,4-Aug-09,ARV,Adult,SCMS from RDC,"Lamivudine 150mg, tablets, 60 Tabs",Lamivudine,Generic,150mg,Tablet,60,45,109.8,2.44,0.04,"Aurobindo Unit III, India",No,See DN-1360 (ID#:83371),See DN-1360 (ID#:83371),0.22
86345,151-NG-T30,FPQ-5688,SO-37500,DN-2025,Nigeria,PMO - US,From RDC,N/A - From RDC,Air,5/27/2010,N/A - From RDC,22-Oct-10,10-Nov-10,10-Nov-10,ARV,Adult,SCMS from RDC,"Tenofovir Disoproxil Fumarate 300mg, tablets, 30 Tabs",Tenofovir Disoproxil Fumarate,Generic,300mg,Tablet,30,2500,18250.0,7.3,0.24,Mylan (formerly Matrix) Nashik,No,See DN-2025 (ID#:83460),See DN-2025 (ID#:83460),39.35
11996,151-NG-T01,Pre-PQ Process,SO-32646,DN-1340,Nigeria,PMO - US,From RDC,N/A - From RDC,Air Charter,Date Not Captured,N/A - From RDC,4-Aug-09,4-Aug-09,4-Aug-09,ARV,Adult,SCMS from RDC,"Lamivudine/Nevirapine/Zidovudine 150/200/300mg, tablets, 60 Tabs",Lamivudine/Nevirapine/Zidovudine,Generic,150/300/200mg,Tablet - FDC,60,4314,49179.6,11.4,0.19,"Aurobindo Unit III, India",Yes,486,7445.8,96.39
797,110-ZM-T01,Pre-PQ Process,SCMS-31380,ASN-3172,Zambia,PMO - US,Direct Drop,EXW,Air,Pre-PQ Process,10/2/2008,23-Jan-09,23-Jan-09,23-Jan-09,HRDT,HIV test,"Standard Diagnostics, Inc.","HIV 1/2, Bioline 3.0 Kit, Lancets, Capillary pipets, Alcohol swabs included, 25 Tests","HIV 1/2, Bioline 3.0 Kit, Lancets, Capillary pipets, Alcohol swabs included",Bioline,,Test kit,25,319,6380.0,20.0,0.8,"Standard Diagnostics, Korea",Yes,100,1122.24,12.5
5047,116-ZA-T01,Pre-PQ Process,SCMS-41140,ASN-3752,South Africa,PMO - US,Direct Drop,DDP,Air,Pre-PQ Process,Date Not Captured,31-Mar-09,21-Nov-08,21-Nov-08,ARV,Adult,S. BUYS WHOLESALER,"Emtricitabine/Tenofovir Disoproxil Fumarate 200/300mg [Truvada], tablets, 30 Tabs",Emtricitabine/Tenofovir Disoproxil Fumarate,Truvada,300/200mg,Tablet - FDC,30,80,2336.0,29.2,0.97,"Aspen-OSD, Port Elizabeth, SA",No,Weight Captured Separately,Freight Included in Commodity Cost,4.58
18586,105-GH-T30,FPQ-14052,SCMS-237810,ASN-28673,Ghana,PMO - US,Direct Drop,EXW,Air,4/12/2014,5/23/2014,10-Nov-14,10-Nov-14,12-Nov-14,ARV,Adult,Aurobindo Pharma Limited,"Lamivudine/Nevirapine/Zidovudine 150/200/300mg, tablets, 60 Tabs",Lamivudine/Nevirapine/Zidovudine,Generic,150/300/200mg,Tablet - FDC,60,28853,236594.6,8.2,0.14,"Aurobindo Unit III, India",Yes,3612,18256.1,243.22
80275,116-ZA-T30,FPQ-4054,SCMS-51250,ASN-5056,South Africa,PMO - US,Direct Drop,DDP,Truck,7/29/2009,8/7/2009,24-Aug-09,24-Aug-09,24-Aug-09,ARV,Adult,S. BUYS WHOLESALER,"Emtricitabine/Tenofovir Disoproxil Fumarate 200/300mg [Truvada], tablets, 30 Tabs",Emtricitabine/Tenofovir Disoproxil Fumarate,Truvada,300/200mg,Tablet - FDC,30,200,9049.25,45.25,1.51,"Aspen-OSD, Port Elizabeth, SA",No,Weight Captured Separately,Freight Included in Commodity Cost,17.74
45505,900-SS-T30,FPQ-10504,SCMS-157870,ASN-16323,South Sudan,PMO - US,Direct Drop,EXW,Air,8/15/2012,8/21/2012,18-Oct-12,18-Oct-12,18-Oct-12,HRDT,HIV test,"Trinity Biotech, Plc","HIV 1/2, Uni-Gold HIV Kit, 20 Tests","HIV 1/2, Uni-Gold HIV Kit",Uni-Gold,,Test kit,20,47,1504.0,32.0,1.6,"Trinity Biotech, Plc",Yes,15,870.22,2.11
84066,104-CI-T30,FPQ-6495,SO-37700,DN-2137,Côte d'Ivoire,PMO - US,From RDC,N/A - From RDC,Air,10/4/2010,N/A - From RDC,31-Mar-11,29-Mar-11,29-Mar-11,ARV,Adult,SCMS from RDC,"Lamivudine/Zidovudine 150/300mg, tablets, 60 Tabs",Lamivudine/Zidovudine,Generic,150/300mg,Tablet - FDC,60,40752,348429.6,8.55,0.14,Hetero Unit III Hyderabad IN,No,See DN-2137 (ID#:83490),See DN-2137 (ID#:83490),751.21
10749,130-NG-T01,Pre-PQ Process,SO-10610,DN-959,Nigeria,PMO - US,From RDC,N/A - From RDC,Air,Pre-PQ Process,N/A - From RDC,30-Oct-08,30-Oct-08,30-Oct-08,ARV,Adult,SCMS from RDC,"Efavirenz 600mg, tablets, 30 Tabs",Efavirenz,Generic,600mg,Tablet,30,2003,23475.16,11.72,0.39,"Aurobindo Unit III, India",Yes,181,18617.93,46.01
84760,109-TZ-T30,FPQ-9303,SO-41551,DN-2889,Tanzania,PMO - US,From RDC,N/A - From RDC,Truck,2/15/2012,N/A - From RDC,30-Nov-12,6-Nov-12,6-Nov-12,ARV,Pediatric,SCMS from RDC,"Lamivudine/Nevirapine/Stavudine 30/50/6mg, dispersible tablets, 60 Tabs",Lamivudine/Nevirapine/Stavudine,Generic,30/50/6mg,Chewable/dispersible tablet - FDC,60,1975,4542.5,2.3,0.04,"Cipla, Goa, India",No,See DN-2889 (ID#:83631),See DN-2889 (ID#:83631),6.37
60109,103-ZW-T30,FPQ-13969,SCMS-239160,ASN-28293,Zimbabwe,PMO - US,Direct Drop,EXW,Air,4/8/2014,5/15/2014,9-Oct-14,9-Oct-14,13-Oct-14,ARV,Pediatric,ABBVIE LOGISTICS (FORMERLY ABBOTT LOGISTICS BV),"Lopinavir/Ritonavir 80/20mg/ml [Kaletra], oral solution, cool, Bottle 5 x 60 ml",Lopinavir/Ritonavir,Kaletra,80/20mg/ml,Oral solution,300,3794,116931.08,30.82,0.1,ABBVIE (Abbott) Logis. UK,Yes,3287,26515.21,120.21
11485,110-ZM-T01,Pre-PQ Process,SO-1186,DN-447,Zambia,PMO - US,From RDC,N/A - From RDC,,Pre-PQ Process,N/A - From RDC,26-Nov-07,26-Nov-07,26-Nov-07,ARV,Adult,SCMS from RDC,"Emtricitabine/Tenofovir Disoproxil Fumarate 200/300mg [Truvada], tablets, 30 Tabs",Emtricitabine/Tenofovir Disoproxil Fumarate,Truvada,300/200mg,Tablet - FDC,30,17994,472342.5,26.25,0.88,"Aspen-OSD, Port Elizabeth, SA",Yes,1620,6785.1,755.75
84206,102-ZW-T30,FPQ-9927,SO-42300,DN-2940,Zimbabwe,PMO - US,From RDC,N/A - From RDC,Truck,5/15/2012,N/A - From RDC,21-Dec-12,11-Dec-12,11-Dec-12,ARV,Adult,SCMS from RDC,"Lamivudine/Zidovudine 150/300mg, tablets, 60 Tabs",Lamivudine/Zidovudine,Generic,150/300mg,Tablet - FDC,60,44665,344813.8,7.72,0.13,Hetero Unit III Hyderabad IN,No,See DN-2940 (ID#:82529),See DN-2940 (ID#:82529),483.43
12710,104-CI-T01,Pre-PQ Process,SO-963,DN-323,Côte d'Ivoire,PMO - US,From RDC,N/A - From RDC,,Pre-PQ Process,N/A - From RDC,14-Sep-07,14-Sep-07,14-Sep-07,ARV,Pediatric,SCMS from RDC,"Abacavir 20mg/ml, oral solution, Bottle, 240 ml",Abacavir,Generic,20mg/ml,Oral solution,240,1500,24750.0,16.5,0.07,"Aurobindo Unit III, India",No,See DN-323 (ID#:10588),See DN-323 (ID#:10588),39.6
86411,114-UG-T30,FPQ-7162,SO-38803,DN-2344,Uganda,PMO - US,From RDC,N/A - From RDC,Truck,2/14/2011,N/A - From RDC,30-Sep-11,26-Sep-11,26-Sep-11,ARV,Adult,SCMS from RDC,"Efavirenz 600mg, tablets, 30 Tabs",Efavirenz,Generic,600mg,Tablet,30,2688,11343.36,4.22,0.14,"Strides, Bangalore, India.",No,See DN-2344 (ID#:85789),See DN-2344 (ID#:85789),18.72
70714,133-NG-T30,FPQ-14305,SCMS-240830,ASN-27467,Nigeria,PMO - US,Direct Drop,EXW,Air,5/16/2014,6/2/2014,19-Aug-14,19-Aug-14,17-Sep-14,HRDT,HIV test,"Orgenics, Ltd","HIV 1/2, Determine Complete HIV Kit, 100 Tests","HIV 1/2, Determine Complete HIV Kit",Determine,,Test kit,100,6101,542989.0,89.0,0.89,"Alere Medical Co., Ltd.",Yes,2471,35912.43,558.19
83115,109-TZ-T30,FPQ-10545,SO-43121,DN-3038,Tanzania,PMO - US,From RDC,N/A - From RDC,Truck,8/24/2012,N/A - From RDC,1-Apr-13,15-Mar-13,15-Mar-13,ARV,Adult,SCMS from RDC,"Tenofovir Disoproxil Fumarate 300mg, tablets, 30 Tabs",Tenofovir Disoproxil Fumarate,Generic,300mg,Tablet,30,1773,7162.92,4.04,0.13,Mylan (formerly Matrix) Nashik,Yes,116,2035.84,10.04
84726,107-RW-T30,FPQ-9912,SO-42150,DN-2674,Rwanda,PMO - US,From RDC,N/A - From RDC,Air,5/11/2012,N/A - From RDC,29-Jun-12,1-Jun-12,1-Jun-12,ARV,Adult,SCMS from RDC,"Lamivudine/Zidovudine 150/300mg, tablets, 60 Tabs",Lamivudine/Zidovudine,Generic,150/300mg,Tablet - FDC,60,30480,237134.4,7.78,0.13,Mylan (formerly Matrix) Nashik,Yes,698,26845.35,332.46
37416,116-ZA-T30,FPQ-14942,SCMS-259082,ASN-30448,South Africa,PMO - US,Direct Drop,DDP,Truck,9/11/2014,1/29/2015,29-Jan-15,29-Jan-15,29-Jan-15,ARV,Pediatric,PHARMACY DIRECT,"Lopinavir/Ritonavir 80/20mg/ml [Kaletra], oral solution, cool, Bottle 5 x 60 ml",Lopinavir/Ritonavir,Kaletra,80/20mg/ml,Oral solution,300,2,31.89,15.94,0.05,ABBVIE (Abbott) Logis. UK,Yes,Weight Captured Separately,Freight Included in Commodity Cost,0.03
83181,113-ZW-T30,FPQ-11545,SO-44360,DN-3413,Zimbabwe,PMO - US,From RDC,N/A - From RDC,Truck,1/24/2013,N/A - From RDC,30-Nov-13,25-Nov-13,9-Dec-13,ARV,Adult,SCMS from RDC,"Nevirapine 200mg, tablets, 60 Tabs",Nevirapine,Generic,200mg,Tablet,60,51520,119011.2,2.31,0.04,"Cipla, Goa, India",Yes,19991,10942.88,147.22
3851,108-VN-T01,Pre-PQ Process,SCMS-45070,ASN-4419,Vietnam,PMO - US,Direct Drop,EXW,Air,Pre-PQ Process,4/29/2009,10-Jul-09,10-Jul-09,10-Jul-09,ARV,Adult,Aurobindo Pharma Limited,"Stavudine 30mg, capsules, 60 Caps",Stavudine,Generic,30mg,Capsule,60,15960,23142.0,1.45,0.02,"Aurobindo Unit III, India",Yes,1815,9931.49,45.36
12243,123-NG-T01,Pre-PQ Process,SO-22590,DN-1065,Nigeria,PMO - US,From RDC,N/A - From RDC,Air,Pre-PQ Process,N/A - From RDC,3-Feb-09,3-Feb-09,3-Feb-09,ARV,Adult,SCMS from RDC,"Efavirenz 600mg, tablets, 30 Tabs",Efavirenz,Generic,600mg,Tablet,30,11527,135096.44,11.72,0.39,"Aurobindo Unit III, India",Yes,983,Freight Included in Commodity Cost,264.79
85358,111-MZ-T30,FPQ-11033,SO-43820,DN-3133,Mozambique,PMO - US,From RDC,N/A - From RDC,Truck,11/12/2012,N/A - From RDC,21-Jul-13,26-Jul-13,26-Jul-13,ARV,Pediatric,SCMS from RDC,"Zidovudine 10mg/ml, oral solution w/syringe, Bottle, 240 ml",Zidovudine,Generic,10mg/ml,Oral solution,240,13150,27615.0,2.1,0.01,"Aurobindo Unit III, India",No,See DN-3133 (ID#:84254),See DN-3133 (ID#:84254),34.16
85258,102-DO-T30,FPQ-9676,SO-41870,DN-2639,Dominican Republic,PMO - US,From RDC,N/A - From RDC,Air,4/9/2012,N/A - From RDC,21-May-12,16-May-12,16-May-12,ARV,Adult,SCMS from RDC,"Abacavir/Lamivudine 600/300mg, scored tablets, 30 Tabs",Abacavir/Lamivudine,Generic,600/300mg,Tablet - FDC,30,330,7425.0,22.5,0.75,Mylan (formerly Matrix) Nashik,No,See DN-2639 (ID#:83588),See DN-2639 (ID#:83588),10.41
25483,900-TG-T30,FPQ-15921,SCMS-278370,ASN-31081,Togo,PMO - US,Direct Drop,EXW,Air,2/18/2015,2/27/2015,23-Apr-15,23-Apr-15,1-Jun-15,ARV,Adult,HETERO LABS LIMITED,"Lamivudine/Tenofovir Disoproxil Fumarate 300/300mg, tablets, 30 Tabs",Lamivudine/Tenofovir Disoproxil Fumarate,Generic,300/300mg,Tablet - FDC,30,6678,30051.0,4.5,0.15,Hetero Unit III Hyderabad IN,Yes,734,3710.65,35.37
82805,101-CD-T30,FPQ-16158,SO-51280,DN-4284,"Congo, DRC",PMO - US,From RDC,N/A - From RDC,Air,3/31/2015,N/A - From RDC,17-Aug-15,7-Aug-15,11-Aug-15,ARV,Adult,SCMS from RDC,"Lamivudine/Zidovudine 150/300mg, tablets, 60 Tabs",Lamivudine/Zidovudine,Generic,150/300mg,Tablet - FDC,60,11700,76284.0,6.52,0.11,Hetero Unit III Hyderabad IN,Yes,Weight Captured Separately,Invoiced Separately,89.79
32358,161-ZA-T30,FPQ-5303,SCMS-69030,ASN-7804,South Africa,PMO - US,Direct Drop,DDP,Air,3/18/2010,3/19/2010,20-Sep-10,20-Sep-10,20-Sep-10,ARV,Adult,Aurobindo Pharma Limited,"Zidovudine 300mg, tablets, 60 Tabs",Zidovudine,Generic,300mg,Tablet,60,29402,218456.86,7.43,0.12,"Aurobindo Unit III, India",Yes,1577,1697.9,470.99
53292,102-KE-T30,FPQ-6406,SCMS-88211,ASN-9548,Kenya,PMO - US,Direct Drop,EXW,Air,9/27/2010,11/22/2010,10-Feb-11,10-Feb-11,10-Feb-11,HRDT,HIV test,"Orgenics, Ltd","HIV 1/2, Determine Complete HIV Kit, 100 Tests","HIV 1/2, Determine Complete HIV Kit",Determine,,Test kit,100,2849,253561.0,89.0,0.89,Inverness Japan,Yes,783,9162.21,546.68
12235,111-MZ-T01,Pre-PQ Process,SO-2524,DN-858,Mozambique,PMO - US,From RDC,N/A - From RDC,Truck,Pre-PQ Process,N/A - From RDC,5-Sep-08,5-Sep-08,5-Sep-08,ARV,Adult,SCMS from RDC,"Lamivudine/Nevirapine/Stavudine 150/200/30mg, tablets, 60 Tabs",Lamivudine/Nevirapine/Stavudine,Generic,150/200/30mg,Tablet - FDC,60,76128,548121.6,7.2,0.12,"Strides, Bangalore, India.",No,Weight Captured Separately,Freight Included in Commodity Cost,876.99
9933,117-ET-T01,Pre-PQ Process,SCMS-28700,ASN-2720,Ethiopia,PMO - US,Direct Drop,EXW,Air,Pre-PQ Process,8/22/2008,30-Oct-08,30-Oct-08,30-Oct-08,HRDT,HIV test,"SHANGHAI KEHUA BIOENGINEERING CO.,LTD.  (KHB)","HIV 1/2, SKB Colloidal Gold, Diagnostic Kit, Antibody, 50 Tests","HIV 1/2, Colloidal Gold, Diagnostic Kit, Antibody",Colloidal Gold,,Test kit,1,6998,160954.0,23.0,23.0,"KHB Test Kit Facility, Shanghai China",Yes,5056,44360.44,315.47
83577,102-BI-T30,FPQ-9229,SO-41540,DN-2595,Burundi,PMO - US,From RDC,N/A - From RDC,Air,1/25/2012,N/A - From RDC,26-Apr-12,9-Apr-12,9-Apr-12,ARV,Pediatric,SCMS from RDC,"Zidovudine 10mg/ml, oral solution w/syringe, Bottle, 240 ml",Zidovudine,Generic,10mg/ml,Oral solution,240,180,378.0,2.1,0.01,"Aurobindo Unit III, India",Yes,327,5320.13,0.53
11616,114-UG-T01,Pre-PQ Process,SO-17820,DN-985,Uganda,PMO - US,From RDC,N/A - From RDC,Air,Pre-PQ Process,N/A - From RDC,9-Jan-09,9-Jan-09,9-Jan-09,ARV,Adult,SCMS from RDC,"Lamivudine/Nevirapine/Stavudine 150/200/30mg, tablets, 60 Tabs",Lamivudine/Nevirapine/Stavudine,Generic,150/200/30mg,Tablet - FDC,60,3374,24292.8,7.2,0.12,"Strides, Bangalore, India.",Yes,250,2331.03,47.61
82928,114-UG-T30,FPQ-6427,SO-37570,DN-2067,Uganda,PMO - US,From RDC,N/A - From RDC,Truck,9/29/2010,N/A - From RDC,27-Dec-10,2-Dec-10,2-Dec-10,ARV,Adult,SCMS from RDC,"Lamivudine/Zidovudine 150/300mg, tablets, 60 Tabs",Lamivudine/Zidovudine,Generic,150/300mg,Tablet - FDC,60,62753,536538.15,8.55,0.14,Hetero Unit III Hyderabad IN,Yes,5090,35284.86,1156.78
85529,109-TZ-T30,FPQ-13566,SO-47650,DN-3933,Tanzania,PMO - US,From RDC,N/A - From RDC,Truck,1/15/2014,N/A - From RDC,3-Nov-14,17-Oct-14,7-Nov-14,ARV,Adult,SCMS from RDC,"Efavirenz/Emtricitabine/Tenofovir Disoproxil Fumarate 600/200/300mg, tablets, 30 Tabs",Efavirenz/Emtricitabine/Tenofovir Disoproxil Fumarate,Generic,600/200/300mg,Tablet - FDC,30,17851,212248.39,11.89,0.4,"Cipla, Goa, India",Yes,2117,1663.18,218.19
82596,101-CD-T30,FPQ-12033,SO-45020,DN-3268,"Congo, DRC",PMO - US,From RDC,N/A - From RDC,Air,4/8/2013,N/A - From RDC,27-Aug-13,8-Feb-14,11-Mar-14,ARV,Adult,SCMS from RDC,"Efavirenz/Lamivudine/Tenofovir Disoproxil Fumarate 600/300/300mg, tablets, 30 Tabs",Efavirenz/Lamivudine/Tenofovir Disoproxil Fumarate,Generic,600/300/300mg,Tablet - FDC,30,7404,77890.08,10.52,0.35,Hetero Unit III Hyderabad IN,No,See DN-3268 (ID#:82595),See DN-3268 (ID#:82595),96.35
10994,104-CI-T01,Pre-PQ Process,SO-11830,DN-948,Côte d'Ivoire,PMO - US,From RDC,N/A - From RDC,Air,Pre-PQ Process,N/A - From RDC,3-Dec-08,3-Dec-08,3-Dec-08,ARV,Adult,SCMS from RDC,"Nevirapine 200mg, tablets, 60 Tabs",Nevirapine,Generic,200mg,Tablet,60,21225,72165.0,3.4,0.06,"Aurobindo Unit III, India",Yes,2521,14336.95,141.44
84580,111-MZ-T30,FPQ-4711,SO-35740,DN-1962,Mozambique,PMO - US,From RDC,N/A - From RDC,Truck,12/23/2009,N/A - From RDC,31-Aug-10,18-Aug-10,18-Aug-10,ARV,Adult,SCMS from RDC,"Lamivudine/Nevirapine/Stavudine 150/200/30mg, tablets, 60 Tabs",Lamivudine/Nevirapine/Stavudine,Generic,150/200/30mg,Tablet - FDC,60,30630,175509.9,5.73,0.1,"Cipla, Goa, India",No,See DN-1962 (ID#:83448),See DN-1962 (ID#:83448),378.4
11153,109-TZ-T01,Pre-PQ Process,SO-456,DN-291,Tanzania,PMO - US,From RDC,N/A - From RDC,Air,Pre-PQ Process,N/A - From RDC,29-Aug-07,29-Aug-07,29-Aug-07,ARV,Adult,SCMS from RDC,"Efavirenz 600mg, tablets, 30 Tabs",Efavirenz,Generic,600mg,Tablet,30,23814,387215.64,16.26,0.54,"Aurobindo Unit III, India",Yes,2102,5834,619.55
86686,151-NG-T30,FPQ-13293,SO-47271,DN-3721,Nigeria,PMO - US,From RDC,N/A - From RDC,Air Charter,11/19/2013,N/A - From RDC,3-Jun-14,9-May-14,23-May-14,ARV,Adult,SCMS from RDC,"Lamivudine/Nevirapine/Zidovudine 150/200/300mg, tablets, 60 Tabs",Lamivudine/Nevirapine/Zidovudine,Generic,150/300/200mg,Tablet - FDC,60,200000,1622000.0,8.11,0.14,Hetero Unit III Hyderabad IN,No,See DN-3721 (ID#:86086),See DN-3721 (ID#:86086),1667.42
10579,109-TZ-T01,Pre-PQ Process,SO-749,DN-257,Tanzania,PMO - US,From RDC,N/A - From RDC,Air,Pre-PQ Process,N/A - From RDC,14-Aug-07,14-Aug-07,14-Aug-07,HRDT,HIV test,SCMS from RDC,"HIV 1/2, Determine Complete HIV Kit, 100 Tests","HIV 1/2, Determine Complete HIV Kit",Determine,,Test kit,100,302,24160.0,80.0,0.8,ABBVIE GmbH & Co.KG Wiesbaden,Yes,98,1266.39,38.66
69162,101-CD-T30,FPQ-14717,SCMS-251440,ASN-28024,"Congo, DRC",PMO - US,Direct Drop,EXW,Air,7/28/2014,8/20/2014,19-Dec-14,19-Dec-14,26-Jan-15,ARV,Pediatric,Aurobindo Pharma Limited,"Didanosine 200mg, delayed-release capsules, 30 Caps",Didanosine,Generic,200mg,Delayed-release capsules,30,550,6050.0,11.0,0.37,"Aurobindo Unit III, India",Yes,54,1961.49,6.22
75733,103-SS-T30,FPQ-14517,SCMS-249920,ASN-29167,South Sudan,PMO - US,Direct Drop,EXW,Air,6/30/2014,7/31/2014,11-Dec-14,11-Dec-14,16-Dec-14,ARV,Pediatric,CIPLA LIMITED,"Lamivudine/Zidovudine 30/60mg, dispersible tablets, 60 Tabs",Lamivudine/Zidovudine,Generic,30/60mg,Chewable/dispersible tablet - FDC,60,635,1206.5,1.9,0.03,"Cipla, Goa, India",Yes,59,1944.99,1.24
85173,151-NG-T30,FPQ-6243,SO-38320,DN-2090,Nigeria,PMO - US,From RDC,N/A - From RDC,Air Charter,8/25/2010,N/A - From RDC,22-Feb-11,16-Feb-11,16-Feb-11,ARV,Adult,SCMS from RDC,"Stavudine 30mg, capsules, 60 Caps",Stavudine,Generic,30mg,Capsule,60,200,280.0,1.4,0.02,"Aurobindo Unit III, India",No,See DN-2090 (ID#:82366),See DN-2090 (ID#:82366),0.6
29347,102-SZ-T30,FPQ-7281,SCMS-109450,ASN-11528,Swaziland,PMO - US,Direct Drop,EXW,Air,3/28/2011,6/17/2011,8-Aug-11,8-Aug-11,8-Aug-11,HRDT,HIV test - Ancillary,"Orgenics, Ltd","HIV, Lancet, Safety, for HIV Test kits, 100 Pcs","HIV, Lancet, Safety, for HIV Test kits, 100 Pcs",Generic,,Test kit - Ancillary,100,156,780.0,5.0,0.05,INVERNESS ANY,Yes,56,1670.06,1.29
75102,161-ZA-T30,FPQ-7175,SCMS-104100,ASN-12991,South Africa,PMO - US,Direct Drop,DDP,Ocean,3/10/2011,3/28/2011,12-Jan-12,12-Jan-12,12-Jan-12,ARV,Adult,CIPLA LIMITED,"Nevirapine 200mg, tablets, 60 Tabs",Nevirapine,Generic,200mg,Tablet,60,5360,14579.2,2.72,0.05,"Cipla, Goa, India",Yes,583,5824.11,24.06
12454,111-MZ-T01,Pre-PQ Process,SO-1039,DN-601,Mozambique,PMO - US,From RDC,N/A - From RDC,Air,Pre-PQ Process,N/A - From RDC,8-Apr-08,5-Apr-08,5-Apr-08,ARV,Adult,SCMS from RDC,"Lamivudine/Nevirapine/Zidovudine 150/200/300mg, tablets, 60 Tabs",Lamivudine/Nevirapine/Zidovudine,Generic,150/300/200mg,Tablet - FDC,60,42700,576450.0,13.5,0.22,"Aurobindo Unit III, India",No,See DN-601 (ID#:10651),See DN-601 (ID#:10651),922.32
84160,113-ZW-T30,FPQ-8464,SO-40860,DN-2621,Zimbabwe,PMO - US,From RDC,N/A - From RDC,Truck,10/4/2011,N/A - From RDC,17-Apr-12,7-May-12,7-May-12,ARV,Adult,SCMS from RDC,"Lamivudine/Nevirapine/Zidovudine 150/200/300mg, tablets, 60 Tabs",Lamivudine/Nevirapine/Zidovudine,Generic,150/300/200mg,Tablet - FDC,60,11574,127314.0,11.0,0.18,Mylan (formerly Matrix) Nashik,No,See DN-2621 (ID#:83583),See DN-2621 (ID#:83583),210.07
56464,116-ZA-T30,FPQ-14942,SCMS-295800,ASN-33865,South Africa,PMO - US,Direct Drop,DDP,Truck,9/11/2014,8/24/2015,24-Aug-15,24-Aug-15,24-Aug-15,ARV,Adult,PHARMACY DIRECT,"Didanosine 400mg, delayed-release capsules, 30 Caps",Didanosine,Generic,400mg,Delayed-release capsules,30,8,122.18,15.27,0.51,"Aurobindo Unit III, India",No,Weight Captured Separately,Freight Included in Commodity Cost,0.13
85351,109-TZ-T30,FPQ-10545,SO-43122,DN-3111,Tanzania,PMO - US,From RDC,N/A - From RDC,Truck,8/24/2012,N/A - From RDC,31-May-13,9-May-13,9-May-13,ARV,Adult,SCMS from RDC,"Tenofovir Disoproxil Fumarate 300mg, tablets, 30 Tabs",Tenofovir Disoproxil Fumarate,Generic,300mg,Tablet,30,1980,7999.2,4.04,0.13,Mylan (formerly Matrix) Nashik,Yes,126,1382,11.21
83957,113-ZW-T30,FPQ-4472,SO-27190,DN-1500,Zimbabwe,PMO - US,From RDC,N/A - From RDC,Truck,3/17/2009,N/A - From RDC,15-Nov-09,9-Nov-09,9-Nov-09,ARV,Adult,SCMS from RDC,"Lamivudine/Stavudine 150/30mg, tablets, 60 Tabs",Lamivudine/Stavudine,Generic,150/30mg,Tablet - FDC,60,4000,16000.0,4.0,0.07,"Cipla, Goa, India",No,See DN-1500 (ID#:82274),See DN-1500 (ID#:82274),31.36
68662,901-CM-T30,FPQ-12837,SCMS-204300,ASN-21703,Cameroon,PMO - US,Direct Drop,EXW,Air,8/19/2013,8/23/2013,18-Oct-13,11-Oct-13,14-Oct-13,ARV,Adult,Aurobindo Pharma Limited,"Lamivudine/Nevirapine/Zidovudine 150/200/300mg, tablets, 60 Tabs",Lamivudine/Nevirapine/Zidovudine,Generic,150/300/200mg,Tablet - FDC,60,34910,283818.3,8.13,0.14,"Aurobindo Unit III, India",Yes,4426,37479.21,351.08
25767,102-MW-T30,FPQ-11638,SCMS-179350,ASN-19144,Malawi,PMO - US,Direct Drop,EXW,Air,2/22/2013,3/14/2013,30-Apr-13,30-Apr-13,30-Apr-13,HRDT,HIV test,"Orgenics, Ltd","HIV 1/2, Determine Complete HIV Kit, 100 Tests","HIV 1/2, Determine Complete HIV Kit",Determine,,Test kit,100,461,36880.0,80.0,0.8,"Alere Medical Co., Ltd.",Yes,207,5248.93,45.62
10573,104-CI-T01,Pre-PQ Process,SO-603,DN-196,Côte d'Ivoire,PMO - US,From RDC,N/A - From RDC,,Pre-PQ Process,N/A - From RDC,28-Jun-07,28-Jun-07,28-Jun-07,ARV,Adult,SCMS from RDC,"Lamivudine/Nevirapine/Stavudine 150/200/30mg, tablets, 60 Tabs",Lamivudine/Nevirapine/Stavudine,Generic,150/200/30mg,Tablet - FDC,60,40411,303082.5,7.5,0.12,"Cipla, Goa, India",Yes,7185,17587,484.93
84292,114-UG-T30,FPQ-12838,SO-46190,DN-3348,Uganda,PMO - US,From RDC,N/A - From RDC,Air,8/19/2013,N/A - From RDC,15-Oct-13,8-Nov-13,27-Nov-13,ARV,Adult,SCMS from RDC,"Lopinavir/Ritonavir 200/50mg [Aluvia], tablets, 120 Tabs",Lopinavir/Ritonavir,Aluvia,200/50mg,Tablet,120,13164,266176.08,20.22,0.17,ABBVIE Ludwigshafen Germany,Yes,2722,8604.7,329.26
86388,151-NG-T30,FPQ-7217,SO-39700,DN-2229,Nigeria,PMO - US,From RDC,N/A - From RDC,Air Charter,2/21/2011,N/A - From RDC,15-Jun-11,6-Jul-11,6-Jul-11,ARV,Adult,SCMS from RDC,"Nevirapine 200mg, tablets, 60 Tabs",Nevirapine,Generic,200mg,Tablet,60,64995,163137.45,2.51,0.04,"Strides, Bangalore, India.",Yes,4618,13398.06,269.18
29207,116-ZA-T30,FPQ-12522,SCMS-199283,ASN-27978,South Africa,PMO - US,Direct Drop,DDP,Truck,7/11/2013,8/27/2014,27-Aug-14,27-Aug-14,27-Aug-14,ARV,Adult,S. BUYS WHOLESALER,"Lamivudine 150mg, tablets, 60 Tabs",Lamivudine,Generic,150mg,Tablet,60,265,2609.69,9.85,0.16,Hetero Unit III Hyderabad IN,No,Weight Captured Separately,Freight Included in Commodity Cost,3.23
85007,104-CI-T30,FPQ-14370,SO-49052,DN-4064,Côte d'Ivoire,PMO - US,From RDC,N/A - From RDC,Truck,5/23/2014,N/A - From RDC,16-Feb-15,19-Jan-15,27-Jan-15,ARV,Adult,SCMS from RDC,"Tenofovir Disoproxil Fumarate 300mg, tablets, 30 Tabs",Tenofovir Disoproxil Fumarate,Generic,300mg,Tablet,30,4236,15037.8,3.55,0.12,Hetero Unit III Hyderabad IN,No,See DN-4064 (ID#:82765),See DN-4064 (ID#:82765),15.46
86728,105-GY-T30,FPQ-14042,SO-48521,DN-3938,Guyana,PMO - US,From RDC,N/A - From RDC,Air,4/9/2014,N/A - From RDC,30-Sep-14,9-Oct-14,22-Oct-14,ARV,Adult,SCMS from RDC,"Lamivudine/Zidovudine 150/300mg, tablets, 60 Tabs",Lamivudine/Zidovudine,Generic,150/300mg,Tablet - FDC,60,228,1504.8,6.6,0.11,"Aurobindo Unit III, India",Yes,21,973.48,1.55
10229,108-VN-T01,Pre-PQ Process,SCMS-37170,ASN-3562,Vietnam,PMO - US,Direct Drop,EXW,Air,Pre-PQ Process,1/16/2009,10-Apr-09,10-Apr-09,10-Apr-09,ARV,Adult,Aurobindo Pharma Limited,"Stavudine 30mg, capsules, 60 Caps",Stavudine,Generic,30mg,Capsule,60,22428,32520.6,1.45,0.02,"Aurobindo Unit III, India",No,See ASN-3562 (ID#:960),See ASN-3562 (ID#:960),63.74
83057,900-UG-T30,FPQ-10048,SO-42600,DN-2746,Uganda,PMO - US,From RDC,N/A - From RDC,Air,6/6/2012,N/A - From RDC,7-Aug-12,7-Aug-12,7-Aug-12,ARV,Adult,SCMS from RDC,"Efavirenz 600mg, tablets, 30 Tabs",Efavirenz,Generic,600mg,Tablet,30,23000,89930.0,3.91,0.13,"Strides, Bangalore, India.",Yes,1403,9800,126.08
85325,101-CD-T30,FPQ-11054,SO-43680,DN-2981,"Congo, DRC",PMO - US,From RDC,N/A - From RDC,Air,11/16/2012,N/A - From RDC,11-Sep-13,11-Sep-13,11-Sep-13,ARV,Adult,SCMS from RDC,"Nevirapine 200mg, tablets, 60 Tabs",Nevirapine,Generic,200mg,Tablet,60,170,392.7,2.31,0.04,"Aurobindo Unit III, India",No,See DN-2981 (ID#:82538),See DN-2981 (ID#:82538),0.49
86486,151-NG-T30,FPQ-9432,SO-42335,DN-2709,Nigeria,PMO - US,From RDC,N/A - From RDC,Air Charter,3/1/2012,N/A - From RDC,2-Aug-12,3-Jun-12,3-Jun-12,ARV,Adult,SCMS from RDC,"Lamivudine/Nevirapine/Zidovudine 150/200/300mg, tablets, 60 Tabs",Lamivudine/Nevirapine/Zidovudine,Generic,150/300/200mg,Tablet - FDC,60,40000,440000.0,11.0,0.18,"Aurobindo Unit III, India",No,See DN-2709 (ID#:83049),See DN-2709 (ID#:83049),616.88
83052,151-NG-T30,FPQ-8952,SO-42640,DN-2728,Nigeria,PMO - US,From RDC,N/A - From RDC,Air Charter,12/8/2011,N/A - From RDC,10-Jul-12,10-Jul-12,10-Jul-12,ARV,Adult,SCMS from RDC,"Lamivudine/Zidovudine 150/300mg, tablets, 60 Tabs",Lamivudine/Zidovudine,Generic,150/300mg,Tablet - FDC,60,74288,577960.64,7.78,0.13,"Aurobindo Unit III, India",Yes,7351,21347.12,810.3
24872,108-VN-T30,FPQ-11417,SCMS-174380,ASN-18759,Vietnam,PMO - US,Direct Drop,EXW,Air,1/10/2013,1/22/2013,13-May-13,13-May-13,13-May-13,ARV,Adult,HETERO LABS LIMITED,"Nevirapine 200mg, tablets, 60 Tabs",Nevirapine,Generic,200mg,Tablet,60,26997,59663.37,2.21,0.04,Hetero Unit III Hyderabad IN,Yes,1726,11984.91,73.8
82527,114-UG-T30,FPQ-10357,SO-42900,DN-2921,Uganda,PMO - US,From RDC,N/A - From RDC,Truck,7/18/2012,N/A - From RDC,10-Dec-12,19-Nov-12,19-Nov-12,ARV,Adult,SCMS from RDC,"Lamivudine/Tenofovir Disoproxil Fumarate 300/300mg, tablets, 30 Tabs",Lamivudine/Tenofovir Disoproxil Fumarate,Generic,300/300mg,Tablet - FDC,30,26432,141675.52,5.36,0.18,Hetero Unit III Hyderabad IN,Yes,5212,24772.95,198.63
5595,128-BJ-T01,Pre-PQ Process,SCMS-17280,ASN-1412,Benin,PMO - US,Direct Drop,EXW,Air,Pre-PQ Process,2/6/2008,10-Mar-08,10-Mar-08,10-Mar-08,HRDT,HIV test - Ancillary,"Orgenics, Ltd","HIV, Lancet, Safety, for HIV Test kits, 100 Pcs","HIV, Lancet, Safety, for HIV Test kits, 100 Pcs",Generic,,Test kit - Ancillary,100,1436,14.36,0.01,0.0,Inverness Japan,Yes,Weight Captured Separately,Invoiced Separately,0.02
66145,116-ZA-T30,FPQ-14942,SCMS-259079,ASN-33854,South Africa,PMO - US,Direct Drop,DDP,Truck,9/11/2014,10/9/2014,24-Aug-15,24-Aug-15,24-Aug-15,ARV,Adult,PHARMACY DIRECT,"Raltegravir 400mg [Isentress], tablets, 60 Tabs",Raltegravir,Isentress,400mg,Tablet,60,3,197.26,65.75,1.1,"MSD, Haarlem, NL",No,Weight Captured Separately,Freight Included in Commodity Cost,0.2
69006,110-ZM-T30,FPQ-8315,SCMS-120570,ASN-13033,Zambia,PMO - US,Direct Drop,EXW,Air,8/31/2011,9/22/2011,20-Dec-11,16-Dec-11,16-Dec-11,HRDT,HIV test,"Orgenics, Ltd","HIV 1/2, Determine Complete HIV Kit, 100 Tests","HIV 1/2, Determine Complete HIV Kit",Determine,,Test kit,100,2618,209440.0,80.0,0.8,"Alere Medical Co., Ltd.",Yes,1246,22614.24,345.58
10545,112-NG-T01,Pre-PQ Process,SO-339,DN-27,Nigeria,PMO - US,From RDC,N/A - From RDC,,Pre-PQ Process,N/A - From RDC,22-Feb-07,22-Feb-07,22-Feb-07,ARV,Adult,SCMS from RDC,"Lamivudine 150mg, tablets, 60 Tabs",Lamivudine,Generic,150mg,Tablet,60,2170,6727.0,3.1,0.05,"Aurobindo Unit III, India",No,See DN-27 (ID#:10544),See DN-27 (ID#:10544),
85024,151-NG-T30,FPQ-14766,SO-51090,DN-4190,Nigeria,PMO - US,From RDC,N/A - From RDC,Air Charter,8/13/2014,N/A - From RDC,30-Apr-15,18-Mar-15,20-Mar-15,ARV,Adult,SCMS from RDC,"Efavirenz/Lamivudine/Tenofovir Disoproxil Fumarate 600/300/300mg, tablets, 30 Tabs",Efavirenz/Lamivudine/Tenofovir Disoproxil Fumarate,Generic,600/300/300mg,Tablet - FDC,30,200000,1920000.0,9.6,0.32,Hetero Unit III Hyderabad IN,No,See DN-4190 (ID#:84461),See DN-4190 (ID#:84461),1973.76
40443,108-VN-T30,FPQ-15292,SCMS-268410,ASN-30672,Vietnam,PMO - US,Direct Drop,FCA,Air,12/5/2014,12/18/2014,19-Mar-15,19-Mar-15,19-Mar-15,ARV,Adult,ABBVIE LOGISTICS (FORMERLY ABBOTT LOGISTICS BV),"Ritonavir 100mg [Norvir], film coated tablets, 30 Tabs",Ritonavir,Norvir,100mg,Tablet,30,128,2977.28,23.26,0.78,ABBVIE Ludwigshafen Germany,Yes,1232,2769.45,3.5
40901,161-ZA-T30,FPQ-6708,SCMS-93540,ASN-10567,South Africa,PMO - US,Direct Drop,DDP,Ocean,11/26/2010,12/14/2010,31-May-11,13-Jun-11,13-Jun-11,ARV,Adult,Aurobindo Pharma Limited,"Tenofovir Disoproxil Fumarate 300mg, tablets, 30 Tabs",Tenofovir Disoproxil Fumarate,Generic,300mg,Tablet,30,108677,722702.05,6.65,0.22,"Aurobindo Unit III, India",Yes,10144,8809.08,1192.46
10645,104-CI-T01,Pre-PQ Process,SO-1408,DN-478,Côte d'Ivoire,PMO - US,From RDC,N/A - From RDC,Air,Pre-PQ Process,N/A - From RDC,10-Dec-07,10-Dec-07,10-Dec-07,ARV,Adult,SCMS from RDC,"Nevirapine 200mg, tablets, 60 Tabs",Nevirapine,Generic,200mg,Tablet,60,8000,27200.0,3.4,0.06,"Strides, Bangalore, India.",Yes,1013,3646,43.52
11624,151-NG-T01,Pre-PQ Process,SO-21784,DN-1132,Nigeria,PMO - US,From RDC,N/A - From RDC,Air,Pre-PQ Process,N/A - From RDC,24-Mar-09,24-Mar-09,24-Mar-09,ARV,Adult,SCMS from RDC,"Emtricitabine/Tenofovir Disoproxil Fumarate 200/300mg [Truvada], tablets, 30 Tabs",Emtricitabine/Tenofovir Disoproxil Fumarate,Truvada,300/200mg,Tablet - FDC,30,873,22916.25,26.25,0.88,"Aspen-OSD, Port Elizabeth, SA",Yes,76,6443.61,44.92
8378,108-VN-T01,Pre-PQ Process,SCMS-20360,ASN-2043,Vietnam,PMO - US,Direct Drop,EXW,Air,Pre-PQ Process,3/31/2008,17-Jul-08,17-Jul-08,17-Jul-08,ARV,Adult,MYLAN LABORATORIES LTD (FORMERLY MATRIX LABORATORIES),"Efavirenz 600mg, tablets, 30 Tabs",Efavirenz,Generic,600mg,Tablet,30,10080,115718.4,11.48,0.38,Mylan (formerly Matrix) Nashik,Yes,772,4408.29,185.15
83478,202-GT-T30,FPQ-6943,SO-38260,DN-2089,Guatemala,PMO - US,From RDC,N/A - From RDC,Air,12/29/2010,N/A - From RDC,31-Jan-11,24-Jan-11,24-Jan-11,ARV,Adult,SCMS from RDC,"Lamivudine/Zidovudine 150/300mg, tablets, 60 Tabs",Lamivudine/Zidovudine,Generic,150/300mg,Tablet - FDC,60,4301,36773.55,8.55,0.14,"Aurobindo Unit III, India",Yes,1435,16252.95,60.68
79910,116-ZA-T30,FPQ-12522,SCMS-199283,ASN-27980,South Africa,PMO - US,Direct Drop,DDP,Truck,7/11/2013,8/27/2014,27-Aug-14,27-Aug-14,27-Aug-14,ARV,Adult,S. BUYS WHOLESALER,"Zidovudine 300mg, tablets, 60 Tabs",Zidovudine,Generic,300mg,Tablet,60,10,278.26,27.83,0.46,"Aurobindo Unit III, India",No,Weight Captured Separately,Freight Included in Commodity Cost,0.34
86134,151-NG-T30,FPQ-13293,SO-47288,DN-3912,Nigeria,PMO - US,From RDC,N/A - From RDC,Air Charter,11/19/2013,N/A - From RDC,30-Sep-14,3-Sep-14,5-Sep-14,ARV,Pediatric,SCMS from RDC,"Lamivudine/Stavudine 30/6mg, dispersible tablets, 60 Tabs",Lamivudine/Stavudine,Generic,30/6mg,Chewable/dispersible tablet - FDC,60,10383,19727.7,1.9,0.03,"Cipla, Goa, India",Yes,767,3963,20.28
86081,111-MZ-T30,FPQ-13394,SO-47461,DN-3698,Mozambique,PMO - US,From RDC,N/A - From RDC,Truck,12/9/2013,N/A - From RDC,16-Jul-14,25-Jul-14,5-Sep-14,ARV,Adult,SCMS from RDC,"Lamivudine/Nevirapine/Zidovudine 150/200/300mg, tablets, 60 Tabs",Lamivudine/Nevirapine/Zidovudine,Generic,150/300/200mg,Tablet - FDC,60,47108,382045.88,8.11,0.14,"Cipla, Goa, India",Yes,7041,4486.01,392.74
85413,110-ZM-T30,FPQ-12066,SO-45072,DN-3380,Zambia,PMO - US,From RDC,N/A - From RDC,Truck,4/19/2013,N/A - From RDC,31-Oct-13,24-Jan-14,17-Mar-14,ARV,Pediatric,SCMS from RDC,"Lamivudine/Nevirapine/Zidovudine 30/50/60mg, dispersible tablets, 60 Tabs",Lamivudine/Nevirapine/Zidovudine,Generic,30/50/60mg,Chewable/dispersible tablet - FDC,60,20000,77800.0,3.89,0.06,Mylan (formerly Matrix) Nashik,Yes,117,5900,96.24
1262,106-HT-T01,Pre-PQ Process,SCMS-74,ASN-46,Haiti,PMO - US,Direct Drop,EXW,Air,Pre-PQ Process,Date Not Captured,9-Nov-06,9-Nov-06,9-Nov-06,HRDT,HIV test,Orasure Technologies Inc.,"HIV 1/2, OraQuick Advance HIV Rapid Antibody Kit, 100 Tests","HIV 1/2, OraQuick Advance HIV Rapid Antibody Kit",OraQuick,,Test kit,100,15,6000.0,400.0,4.0,"Pacific Biotech, Thailand",Yes,36,1195.29,
16053,108-VN-T30,FPQ-13034,SCMS-210120,ASN-24394,Vietnam,PMO - US,Direct Drop,EXW,Air,10/4/2013,10/10/2013,23-Apr-14,23-Apr-14,23-Apr-14,ARV,Adult,HETERO LABS LIMITED,"Lamivudine 150mg, tablets, 60 Tabs",Lamivudine,Generic,150mg,Tablet,60,14011,25920.35,1.85,0.03,Hetero Unit III Hyderabad IN,Yes,1953,3658.08,32.06
82544,104-CI-T30,FPQ-10626,SO-43300,DN-3021,Côte d'Ivoire,PMO - US,From RDC,N/A - From RDC,Truck,9/6/2012,N/A - From RDC,28-Mar-13,28-Feb-13,28-Feb-13,ARV,Adult,SCMS from RDC,"Lamivudine/Tenofovir Disoproxil Fumarate 300/300mg, tablets, 30 Tabs",Lamivudine/Tenofovir Disoproxil Fumarate,Generic,300/300mg,Tablet - FDC,30,10000,47000.0,4.7,0.16,Hetero Unit III Hyderabad IN,Yes,1387,10680.14,65.89
78329,104-CI-T30,FPQ-9874,SCMS-147580,ASN-17837,Côte d'Ivoire,PMO - US,Direct Drop,EXW,Air,5/11/2012,6/13/2012,20-Feb-13,20-Feb-13,20-Feb-13,HRDT,HIV test,"CHEMBIO DIAGNOSTIC SYSTEMS, INC.","HIV 1/2, Stat-Pak HIV, Kit, 20 Tests","HIV 1/2, Stat-Pak HIV, Kit",Stat-Pak,,Test kit,20,2424,70296.0,29.0,1.45,Chembio Diagnostics Sys. Inc.,Yes,621,7811.66,98.55
43272,116-ZA-T30,FPQ-13973,SCMS-238556,ASN-31854,South Africa,PMO - US,Direct Drop,DDP,Truck,4/30/2014,4/28/2015,28-Apr-15,28-Apr-15,28-Apr-15,ARV,Adult,PHARMACY DIRECT,"Lamivudine 150mg, tablets, 60 Tabs",Lamivudine,Generic,150mg,Tablet,60,80,731.44,9.14,0.15,"Aurobindo Unit III, India",No,Weight Captured Separately,Freight Included in Commodity Cost,0.75
86189,114-UG-T30,FPQ-15294,SO-50050,DN-4218,Uganda,PMO - US,From RDC,N/A - From RDC,Truck,11/3/2014,N/A - From RDC,15-Jun-15,14-May-15,15-May-15,ARV,Adult,SCMS from RDC,"Efavirenz 600mg, tablets, 30 Tabs",Efavirenz,Generic,600mg,Tablet,30,2,6.24,3.12,0.1,"Strides, Bangalore, India.",No,See DN-4218 (ID#:83326),See DN-4218 (ID#:83326),0.01
12358,107-RW-T01,Pre-PQ Process,SO-602,DN-156,Rwanda,PMO - US,From RDC,N/A - From RDC,Air,Pre-PQ Process,N/A - From RDC,5-Jun-07,5-Jun-07,5-Jun-07,ARV,Adult,SCMS from RDC,"Lamivudine 150mg, tablets, 60 Tabs",Lamivudine,Generic,150mg,Tablet,60,3431,11356.61,3.31,0.06,"Ranbaxy, Paonta Shahib, India",Yes,216,2520.47,
11391,104-CI-T01,Pre-PQ Process,SO-519,DN-199,Côte d'Ivoire,PMO - US,From RDC,N/A - From RDC,,Pre-PQ Process,N/A - From RDC,5-Jul-07,5-Jul-07,5-Jul-07,ARV,Pediatric,SCMS from RDC,"Zidovudine 10mg/ml, oral solution, Bottle, 240 ml",Zidovudine,Generic,10mg/ml,Oral solution,240,4316,17048.2,3.95,0.02,"Aurobindo Unit III, India",Yes,6634,15561,27.28
35904,116-ZA-T30,FPQ-13973,SCMS-238555,ASN-29257,South Africa,PMO - US,Direct Drop,DDP,Truck,4/30/2014,11/4/2014,5-Nov-14,5-Nov-14,5-Nov-14,ARV,Pediatric,PHARMACY DIRECT,"Efavirenz 50mg, capsule, 30 Caps",Efavirenz,Generic,50mg,Capsule,30,24,72.14,3.01,0.1,"Aurobindo Unit III, India",No,Weight Captured Separately,Freight Included in Commodity Cost,0.07
86605,105-GY-T30,FPQ-12047,SO-45050,DN-3331,Guyana,PMO - US,From RDC,N/A - From RDC,Air,4/15/2013,N/A - From RDC,30-Sep-13,4-Oct-13,22-Oct-13,ARV,Adult,SCMS from RDC,"Lopinavir/Ritonavir 200/50mg [Aluvia], tablets, 120 Tabs",Lopinavir/Ritonavir,Aluvia,200/50mg,Tablet,120,1634,33039.48,20.22,0.17,ABBVIE Ludwigshafen Germany,No,See DN-3331 (ID#:82603),See DN-3331 (ID#:82603),40.87
30065,133-NG-T30,FPQ-6606,SCMS-91790,ASN-8940,Nigeria,PMO - US,Direct Drop,EXW,Air,10/29/2010,11/9/2010,17-Dec-10,17-Dec-10,17-Dec-10,HRDT,HIV test,"Trinity Biotech, Plc","HIV 1/2, Uni-Gold HIV Kit, 20 Tests","HIV 1/2, Uni-Gold HIV Kit",Uni-Gold,,Test kit,20,3750,120000.0,32.0,1.6,"Trinity Biotech, Plc",Yes,1072,16036.98,198.0
10981,111-MZ-T01,Pre-PQ Process,SO-1882,DN-817,Mozambique,PMO - US,From RDC,N/A - From RDC,Air,Pre-PQ Process,N/A - From RDC,7-Aug-08,7-Aug-08,7-Aug-08,ARV,Adult,SCMS from RDC,"Lamivudine/Nevirapine/Stavudine 150/200/30mg, tablets, 60 Tabs",Lamivudine/Nevirapine/Stavudine,Generic,150/200/30mg,Tablet - FDC,60,38975,280620.0,7.2,0.12,"Strides, Bangalore, India.",Yes,13123,9161.95,448.99
86379,111-MZ-T30,FPQ-7053,SO-39300,DN-2185,Mozambique,PMO - US,From RDC,N/A - From RDC,Truck,1/24/2011,N/A - From RDC,31-May-11,25-May-11,25-May-11,ARV,Adult,SCMS from RDC,"Efavirenz 600mg, tablets, 30 Tabs",Efavirenz,Generic,600mg,Tablet,30,23450,101304.0,4.32,0.14,"Aurobindo Unit III, India",Yes,2068,3936.86,167.15
82590,102-BI-T30,FPQ-12065,SO-45160,DN-3235,Burundi,PMO - US,From RDC,N/A - From RDC,Air,4/22/2013,N/A - From RDC,6-Aug-13,23-Aug-13,23-Aug-13,ARV,Adult,SCMS from RDC,"Efavirenz 600mg, tablets, 30 Tabs",Efavirenz,Generic,600mg,Tablet,30,4032,13426.56,3.33,0.11,"Aurobindo Unit III, India",Yes,336,4385.44,16.61
86286,151-NG-T30,FPQ-4537,SO-35093,DN-1744,Nigeria,PMO - US,From RDC,N/A - From RDC,Air Charter,11/6/2009,N/A - From RDC,19-Apr-10,31-Mar-10,31-Mar-10,ARV,Adult,SCMS from RDC,"Zidovudine 300mg, tablets, 60 Tabs",Zidovudine,Generic,300mg,Tablet,60,1000,7500.0,7.5,0.12,Mylan (formerly Matrix) Nashik,Yes,Weight Captured Separately,Invoiced Separately,16.17
63308,116-ZA-T30,FPQ-12522,SCMS-199280,ASN-24433,South Africa,PMO - US,Direct Drop,DDP,Truck,7/11/2013,8/13/2013,7-Feb-14,7-Feb-14,7-Feb-14,ARV,Pediatric,S. BUYS WHOLESALER,"Efavirenz 50mg, capsule, 30 Caps",Efavirenz,Generic,50mg,Capsule,30,71,235.46,3.32,0.11,"Aurobindo Unit III, India",No,Weight Captured Separately,Freight Included in Commodity Cost,0.29
73661,161-ZA-T30,FPQ-7175,SCMS-103400,ASN-12381,South Africa,PMO - US,Direct Drop,DDP,Ocean,3/10/2011,3/24/2011,22-Nov-11,22-Nov-11,22-Nov-11,ARV,Adult,Aurobindo Pharma Limited,"Zidovudine 300mg, tablets, 60 Tabs",Zidovudine,Generic,300mg,Tablet,60,90171,658248.3,7.3,0.12,"Aurobindo Unit III, India",Yes,4670,3341.45,1086.11
11687,111-MZ-T01,Pre-PQ Process,SO-26424,DN-1457,Mozambique,PMO - US,From RDC,N/A - From RDC,Truck,Date Not Captured,N/A - From RDC,7-Oct-09,7-Oct-09,7-Oct-09,ARV,Adult,SCMS from RDC,"Lamivudine/Zidovudine 150/300mg, tablets, 60 Tabs",Lamivudine/Zidovudine,Generic,150/300mg,Tablet - FDC,60,9288,81362.88,8.76,0.15,"Aurobindo Unit III, India",Yes,979,1588.06,159.47
84065,105-GY-T30,FPQ-7128,SO-38840,DN-2129,Guyana,PMO - US,From RDC,N/A - From RDC,Air,2/4/2011,N/A - From RDC,31-Mar-11,25-Mar-11,25-Mar-11,ARV,Adult,SCMS from RDC,"Zidovudine 300mg, tablets, 60 Tabs",Zidovudine,Generic,300mg,Tablet,60,1827,13172.67,7.21,0.12,"Aurobindo Unit III, India",No,See DN-2129 (ID#:83488),See DN-2129 (ID#:83488),21.73
51435,103-CM-T30,FPQ-10128,SCMS-151600,ASN-16107,Cameroon,PMO - US,Direct Drop,EXW,Air,6/22/2012,7/16/2012,10-Sep-12,10-Sep-12,10-Sep-12,HRDT,HIV test - Ancillary,"Orgenics, Ltd","Chase Buffer, Determine, 100 Tests, 2.5ml x 1 Vial","Chase Buffer, Determine, 100 Tests, 2.5ml x 1 Vial",Determine,,Test kit - Ancillary,1,50,250.0,5.0,5.0,"Alere Medical Co., Ltd.",No,See ASN-16107 (ID#:32594),See ASN-16107 (ID#:32594),0.35
10535,111-MZ-T01,Pre-PQ Process,SO-321,DN-13,Mozambique,PMO - US,From RDC,N/A - From RDC,Air,Pre-PQ Process,N/A - From RDC,8-Jan-07,8-Jan-07,8-Jan-07,ARV,Adult,SCMS from RDC,"Nelfinavir (as mesilate) 250mg [Viracept], tablets, 270 Tabs",Nelfinavir (as mesilate),Viracept,250mg,Tablet,270,764,60814.4,79.6,0.29,Roche Madrid,Yes,1669,859.14,
43970,109-TZ-T30,FPQ-6203,SCMS-82770,ASN-8625,Tanzania,PMO - US,Direct Drop,EXW,Ocean,8/18/2010,8/25/2010,29-Dec-10,29-Dec-10,29-Dec-10,ARV,Adult,MYLAN LABORATORIES LTD (FORMERLY MATRIX LABORATORIES),"Efavirenz/Emtricitabine/Tenofovir Disoproxil Fumarate 600/200/300mg, tablets, 30 Tabs",Efavirenz/Emtricitabine/Tenofovir Disoproxil Fumarate,Generic,600/200/300mg,Tablet - FDC,30,53149,1057665.1,19.9,0.66,Mylan (formerly Matrix) Nashik,Yes,5803,27478.63,2280.33
2785,108-VN-T01,Pre-PQ Process,SCMS-10060,ASN-639,Vietnam,PMO - US,Direct Drop,FCA,Air,Pre-PQ Process,7/20/2007,10-Sep-07,10-Sep-07,10-Sep-07,ARV,Pediatric,ABBVIE LOGISTICS (FORMERLY ABBOTT LOGISTICS BV),"Lopinavir/Ritonavir 80/20mg/ml [Kaletra], oral solution, cool, Bottle 5 x 60 ml",Lopinavir/Ritonavir,Kaletra,80/20mg/ml,Oral solution,300,200,16440.0,82.2,0.27,ABBVIE (Abbott) Logis. UK,Yes,340,2326.1,26.3
82790,104-CI-T30,FPQ-14370,SO-49072,DN-4212,Côte d'Ivoire,PMO - US,From RDC,N/A - From RDC,Truck,5/23/2014,N/A - From RDC,29-May-15,29-Apr-15,29-Apr-15,ARV,Adult,SCMS from RDC,"Abacavir/Lamivudine 600/300mg, tablets, 30 Tabs",Abacavir/Lamivudine,Generic,600/300mg,Tablet - FDC,30,1134,14912.1,13.15,0.44,Mylan (formerly Matrix) Nashik,Yes,121,1076.5,15.33
12915,151-NG-T01,Pre-PQ Process,SO-33336,DN-1437,Nigeria,PMO - US,From RDC,N/A - From RDC,Air Charter,Date Not Captured,N/A - From RDC,20-Oct-09,20-Oct-09,20-Oct-09,ARV,Adult,SCMS from RDC,"Lamivudine/Nevirapine/Zidovudine 150/200/300mg, tablets, 60 Tabs",Lamivudine/Nevirapine/Zidovudine,Generic,150/300/200mg,Tablet - FDC,60,3001,34211.4,11.4,0.19,"Aurobindo Unit III, India",Yes,338,9341.49,67.05
85139,114-UG-T30,FPQ-5238,SO-36071,DN-1986,Uganda,PMO - US,From RDC,N/A - From RDC,Air,3/2/2010,N/A - From RDC,29-Aug-10,27-Aug-10,27-Aug-10,ARV,Adult,SCMS from RDC,"Emtricitabine/Tenofovir Disoproxil Fumarate 200/300mg, tablets, 30 Tabs",Emtricitabine/Tenofovir Disoproxil Fumarate,Generic,200/300mg,Tablet - FDC,30,4000,47000.0,11.75,0.39,Mylan (formerly Matrix) Nashik,Yes,365,6068.75,101.33
37519,161-ZA-T30,FPQ-6262,SCMS-83770,ASN-9945,South Africa,PMO - US,Direct Drop,DDP,Ocean,8/31/2010,9/24/2010,26-Apr-11,26-Apr-11,26-Apr-11,ARV,Adult,Aurobindo Pharma Limited,"Lamivudine 150mg, tablets, 60 Tabs",Lamivudine,Generic,150mg,Tablet,60,136403,323275.11,2.37,0.04,"Aurobindo Unit III, India",No,See ASN-9945 (ID#:28542),See ASN-9945 (ID#:28542),696.98
33190,116-ZA-T30,FPQ-14942,SCMS-259075,ASN-32138,South Africa,PMO - US,Direct Drop,DDP,Truck,9/11/2014,5/11/2015,12-May-15,12-May-15,12-May-15,ARV,Adult,PHARMACY DIRECT,"Lamivudine 150mg, tablets, 60 Tabs",Lamivudine,Generic,150mg,Tablet,60,3,19.82,6.61,0.11,"Aurobindo Unit III, India",No,Weight Captured Separately,Freight Included in Commodity Cost,0.02
82553,114-UG-T30,FPQ-11143,SO-43970,DN-3041,Uganda,PMO - US,From RDC,N/A - From RDC,Truck,12/13/2012,N/A - From RDC,29-Mar-13,6-Mar-13,6-Mar-13,ARV,Pediatric,SCMS from RDC,"Lamivudine/Zidovudine 30/60mg, tablets, 60 Tabs",Lamivudine/Zidovudine,Generic,30/60mg,Tablet - FDC,60,1731,3912.06,2.26,0.04,Mylan (formerly Matrix) Nashik,Yes,76,936.81,4.84
12858,117-ET-T01,Pre-PQ Process,SO-22000,DN-1060,Ethiopia,PMO - US,From RDC,N/A - From RDC,Air,Pre-PQ Process,N/A - From RDC,18-Feb-09,18-Feb-09,18-Feb-09,ARV,Adult,SCMS from RDC,"Efavirenz 600mg, tablets, 30 Tabs",Efavirenz,Generic,600mg,Tablet,30,27590,293005.8,10.62,0.35,Mylan (formerly Matrix) Nashik,No,See DN-1060 (ID#:11618),See DN-1060 (ID#:11618),574.29
12397,104-CI-T01,Pre-PQ Process,SO-589,DN-314,Côte d'Ivoire,PMO - US,From RDC,N/A - From RDC,,Pre-PQ Process,N/A - From RDC,24-Aug-07,24-Aug-07,24-Aug-07,ARV,Pediatric,SCMS from RDC,"Efavirenz 50mg [Stocrin/Sustiva], capsule, 30 Caps",Efavirenz,Stocrin/Sustiva,50mg,Capsule,30,738,2560.86,3.47,0.12,"MSD, Haarlem, NL",No,See DN-314 (ID#:11757),See DN-314 (ID#:11757),4.1
35298,116-ZA-T30,FPQ-14942,SCMS-259078,ASN-33470,South Africa,PMO - US,Direct Drop,DDP,Truck,9/11/2014,10/9/2014,24-Jul-15,24-Jul-15,24-Jul-15,ARV,Pediatric,PHARMACY DIRECT,"Lamivudine 10mg/ml, oral solution, Bottle, 240 ml",Lamivudine,Generic,10mg/ml,Oral solution,240,17,91.92,5.41,0.02,"Aurobindo Unit III, India",No,Weight Captured Separately,Freight Included in Commodity Cost,0.09
84306,105-GY-T30,FPQ-12619,SO-46100,DN-3409,Guyana,PMO - US,From RDC,N/A - From RDC,Air,7/16/2013,N/A - From RDC,31-Dec-13,30-Nov-13,23-Dec-13,ARV,Adult,SCMS from RDC,"Emtricitabine/Tenofovir Disoproxil Fumarate 200/300mg, tablets, 30 Tabs",Emtricitabine/Tenofovir Disoproxil Fumarate,Generic,200/300mg,Tablet - FDC,30,3402,19969.74,5.87,0.2,"Aurobindo Unit III, India",Yes,392,4523,24.7
20073,133-NG-T30,FPQ-14995,SCMS-260700,ASN-29931,Nigeria,PMO - US,Direct Drop,EXW,Air,9/22/2014,10/29/2014,19-Jan-15,20-Jan-15,22-Jan-15,HRDT,HIV test,"Orgenics, Ltd","HIV 1/2, Determine Complete HIV Kit, 100 Tests","HIV 1/2, Determine Complete HIV Kit",Determine,,Test kit,100,3144,279816.0,89.0,0.89,"Alere Medical Co., Ltd.",Yes,1276,15681.99,287.65
86046,104-CI-T30,FPQ-12800,SO-46422,DN-3546,Côte d'Ivoire,PMO - US,From RDC,N/A - From RDC,Air,8/9/2013,N/A - From RDC,28-Feb-14,18-Feb-14,4-Mar-14,ARV,Adult,SCMS from RDC,"Lamivudine/Tenofovir Disoproxil Fumarate 300/300mg, tablets, 30 Tabs",Lamivudine/Tenofovir Disoproxil Fumarate,Generic,300/300mg,Tablet - FDC,30,22400,105280.0,4.7,0.16,"Cipla, Kurkumbh, India",No,See DN-3546 (ID#:82651),See DN-3546 (ID#:82651),130.23
82509,900-UG-T30,FPQ-10048,SO-42590,DN-2849,Uganda,PMO - US,From RDC,N/A - From RDC,Air,6/6/2012,N/A - From RDC,30-Oct-12,30-Oct-12,30-Oct-12,ARV,Adult,SCMS from RDC,"Efavirenz 600mg, tablets, 30 Tabs",Efavirenz,Generic,600mg,Tablet,30,60000,234600.0,3.91,0.13,Hetero Unit III Hyderabad IN,Yes,5000,24889,328.91
11946,123-NG-T01,Pre-PQ Process,SO-2554,DN-960,Nigeria,PMO - US,From RDC,N/A - From RDC,Air,Pre-PQ Process,N/A - From RDC,30-Oct-08,30-Oct-08,30-Oct-08,ARV,Adult,SCMS from RDC,"Emtricitabine/Tenofovir Disoproxil Fumarate 200/300mg [Truvada], tablets, 30 Tabs",Emtricitabine/Tenofovir Disoproxil Fumarate,Truvada,300/200mg,Tablet - FDC,30,32696,858270.0,26.25,0.88,"Aspen-OSD, Port Elizabeth, SA",No,See DN-960 (ID#:11945),See DN-960 (ID#:11945),1682.21
12488,111-MZ-T01,Pre-PQ Process,SO-2015,DN-665,Mozambique,PMO - US,From RDC,N/A - From RDC,Air,Pre-PQ Process,N/A - From RDC,5-Jun-08,5-Jun-08,5-Jun-08,ARV,Adult,SCMS from RDC,"Efavirenz 600mg, tablets, 30 Tabs",Efavirenz,Generic,600mg,Tablet,30,33787,419634.54,12.42,0.41,"Aurobindo Unit III, India",Yes,6081,3316.9,671.42
67203,116-ZA-T30,FPQ-14942,SCMS-259073,ASN-30671,South Africa,PMO - US,Direct Drop,DDP,Truck,9/11/2014,2/12/2015,12-Feb-15,12-Feb-15,12-Feb-15,ARV,Pediatric,PHARMACY DIRECT,"Abacavir 20mg/ml, oral solution, Bottle, 240 ml",Abacavir,Generic,20mg/ml,Oral solution,240,23,407.34,17.71,0.07,"Aurobindo Unit III, India",No,Weight Captured Separately,Freight Included in Commodity Cost,0.42
85320,109-TZ-T30,FPQ-10545,SO-43120,DN-2962,Tanzania,PMO - US,From RDC,N/A - From RDC,Truck,8/24/2012,N/A - From RDC,4-Mar-13,4-Mar-13,4-Mar-13,ARV,Adult,SCMS from RDC,"Lopinavir/Ritonavir 200/50mg, tablets, 120 Tabs",Lopinavir/Ritonavir,Generic,200/50mg,Tablet,120,574,15325.8,26.7,0.22,"Aurobindo Unit III, India",Yes,4758,6031.15,21.49
23467,161-ZA-T30,FPQ-7175,SCMS-104070,ASN-11381,South Africa,PMO - US,Direct Drop,DDP,Ocean,3/10/2011,3/28/2011,2-Nov-11,2-Nov-11,2-Nov-11,ARV,Adult,CIPLA LIMITED,"Nevirapine 200mg, tablets, 60 Tabs",Nevirapine,Generic,200mg,Tablet,60,89674,243913.28,2.72,0.05,"Cipla, Goa, India",Yes,9667,17703.62,402.46
12030,110-ZM-T01,Pre-PQ Process,SO-229,DN-41,Zambia,PMO - US,From RDC,N/A - From RDC,,Pre-PQ Process,N/A - From RDC,29-Mar-07,29-Mar-07,29-Mar-07,ARV,Adult,SCMS from RDC,"Abacavir 300mg, tablets, 60 Tabs",Abacavir,Generic,300mg,Tablet,60,3334,118357.0,35.5,0.59,"Aurobindo Unit III, India",Yes,161,7441.23,
25967,133-NG-T30,FPQ-10349,SCMS-155321,ASN-17166,Nigeria,PMO - US,Direct Drop,EXW,Air,7/17/2012,8/13/2012,28-Nov-12,27-Nov-12,27-Nov-12,HRDT,HIV test,"Orgenics, Ltd","HIV 1/2, Determine Complete HIV Kit, 100 Tests","HIV 1/2, Determine Complete HIV Kit",Determine,,Test kit,100,2744,244216.0,89.0,0.89,"Alere Medical Co., Ltd.",Yes,1303,28734.43,342.39
86103,103-SS-T30,FPQ-14574,SO-49370,DN-3891,South Sudan,PMO - US,From RDC,N/A - From RDC,Air,7/14/2014,N/A - From RDC,2-Oct-14,17-Oct-14,13-Nov-14,ARV,Adult,SCMS from RDC,"Efavirenz/Lamivudine/Tenofovir Disoproxil Fumarate 600/300/300mg, tablets, 30 Tabs",Efavirenz/Lamivudine/Tenofovir Disoproxil Fumarate,Generic,600/300/300mg,Tablet - FDC,30,7764,83695.92,10.78,0.36,Mylan (formerly Matrix) Nashik,Yes,1347,14522.43,86.04
84176,109-TZ-T30,FPQ-9271,SO-41581,DN-2718,Tanzania,PMO - US,From RDC,N/A - From RDC,Truck,1/31/2012,N/A - From RDC,1-Aug-12,25-Jul-12,25-Jul-12,ARV,Adult,SCMS from RDC,"Tenofovir Disoproxil Fumarate 300mg, tablets, 30 Tabs",Tenofovir Disoproxil Fumarate,Generic,300mg,Tablet,30,80,440.0,5.5,0.18,Mylan (formerly Matrix) Nashik,Yes,841,3549.9,0.62
33402,102-ML-T30,FPQ-13391,SCMS-221932,ASN-24648,Mali,PMO - US,Direct Drop,EXW,Air,12/16/2013,1/22/2014,31-Mar-14,31-Mar-14,14-Apr-14,HRDT,HIV test,"Orgenics, Ltd","HIV 1/2, Clearview Complete Kit, 25 Tests","HIV 1/2, Clearview Complete Kit",Clearview,,Test kit,25,154,14630.0,95.0,3.8,Chembio Diagnostics Sys. Inc.,Yes,87,2445.68,15.04
10840,109-TZ-T01,Pre-PQ Process,SO-850,DN-281,Tanzania,PMO - US,From RDC,N/A - From RDC,,Pre-PQ Process,N/A - From RDC,22-Aug-07,22-Aug-07,22-Aug-07,ARV,Adult,SCMS from RDC,"Lamivudine/Nevirapine/Stavudine 150/200/30mg, tablets, 60 Tabs",Lamivudine/Nevirapine/Stavudine,Generic,150/200/30mg,Tablet - FDC,60,3386,25395.0,7.5,0.12,"Cipla, Goa, India",Yes,345,2554.39,40.63
86328,104-CI-T30,FPQ-5623,SO-36890,DN-1984,Côte d'Ivoire,PMO - US,From RDC,N/A - From RDC,Air,5/7/2010,N/A - From RDC,31-Aug-10,23-Aug-10,23-Aug-10,ARV,Adult,SCMS from RDC,"Lamivudine 150mg, tablets, 60 Tabs",Lamivudine,Generic,150mg,Tablet,60,12386,28859.38,2.33,0.04,"Aurobindo Unit III, India",No,See DN-1984 (ID#:83453),See DN-1984 (ID#:83453),62.22
44778,104-CI-T30,FPQ-6897,SCMS-100950,ASN-11130,Côte d'Ivoire,PMO - US,Direct Drop,CIP,Air,1/5/2011,2/28/2011,1-Jul-11,1-Jul-11,1-Jul-11,ARV,Pediatric,MERCK SHARP & DOHME IDEA GMBH (FORMALLY MERCK SHARP & DOHME B.V.),"Efavirenz 30mg/ml [Stocrin/Sustiva], oral solution, Bottle, 180 ml",Efavirenz,Stocrin/Sustiva,30mg/ml,Oral solution,180,3399,57647.04,16.96,0.09,"MSD, Haarlem, NL",Yes,1014,2093.32,95.12
31041,116-ZA-T30,FPQ-3560,SCMS-50950,ASN-5006,South Africa,PMO - US,Direct Drop,DDP,Truck,5/7/2009,8/3/2009,3-Sep-09,3-Sep-09,3-Sep-09,ARV,Adult,S. BUYS WHOLESALER,"Tenofovir Disoproxil Fumarate 300mg [Viread], tablets, 30 Tabs",Tenofovir Disoproxil Fumarate,Viread,300mg,Tablet,30,3700,98942.55,26.74,0.89,"Aspen-OSD, Port Elizabeth, SA",No,Weight Captured Separately,Freight Included in Commodity Cost,193.93
75422,110-ZM-T30,FPQ-14151,SCMS-240080,ASN-26467,Zambia,PMO - US,Direct Drop,EXW,Air,4/30/2014,5/21/2014,20-Jul-14,21-Jul-14,6-Aug-14,ARV,Adult,Aurobindo Pharma Limited,"Nevirapine 200mg, tablets, 60 Tabs",Nevirapine,Generic,200mg,Tablet,60,38939,87612.75,2.25,0.04,"Aurobindo Unit III, India",Yes,3962,20233.34,90.07
85897,114-UG-T30,FPQ-9875,SO-42052,DN-2830,Uganda,PMO - US,From RDC,N/A - From RDC,Air,5/9/2012,N/A - From RDC,18-Oct-12,18-Oct-12,18-Oct-12,ARV,Adult,SCMS from RDC,"Nevirapine 200mg, tablets, 60 Tabs",Nevirapine,Generic,200mg,Tablet,60,30348,74049.12,2.44,0.04,Hetero Unit III Hyderabad IN,No,See DN-2830 (ID#:84751),See DN-2830 (ID#:84751),103.82
12251,151-NG-T01,Pre-PQ Process,SO-21809,DN-1156,Nigeria,PMO - US,From RDC,N/A - From RDC,Air Charter,Pre-PQ Process,N/A - From RDC,8-May-09,8-May-09,8-May-09,ARV,Adult,SCMS from RDC,"Lamivudine/Nevirapine/Zidovudine 150/200/300mg, tablets, 60 Tabs",Lamivudine/Nevirapine/Zidovudine,Generic,150/300/200mg,Tablet - FDC,60,26616,303422.4,11.4,0.19,"Aurobindo Unit III, India",Yes,2993,15128.37,594.71
86617,114-UG-T30,FPQ-12253,SO-45550,DN-3378,Uganda,PMO - US,From RDC,N/A - From RDC,Truck,5/8/2013,N/A - From RDC,29-Nov-13,20-Nov-13,7-Dec-13,ARV,Adult,SCMS from RDC,"Nevirapine 200mg, tablets, 60 Tabs",Nevirapine,Generic,200mg,Tablet,60,45525,102886.5,2.26,0.04,Hetero Unit III Hyderabad IN,Yes,2818,6976.78,127.27
85221,101-CD-T30,FPQ-8840,SO-41133,DN-2495,"Congo, DRC",PMO - US,From RDC,N/A - From RDC,Air,11/21/2011,N/A - From RDC,16-Mar-12,14-Feb-12,14-Feb-12,ARV,Adult,SCMS from RDC,"Lamivudine/Nevirapine/Zidovudine 150/200/300mg, tablets, 60 Tabs",Lamivudine/Nevirapine/Zidovudine,Generic,150/300/200mg,Tablet - FDC,60,254,2794.0,11.0,0.18,Mylan (formerly Matrix) Nashik,No,See DN-2495 (ID#:83555),See DN-2495 (ID#:83555),3.92
71263,119-NA-T30,FPQ-7679,SCMS-109950,ASN-11489,Namibia,PMO - US,Direct Drop,EXW,Air,5/12/2011,5/31/2011,3-Aug-11,3-Aug-11,3-Aug-11,HRDT,HIV test,"Trinity Biotech, Plc","HIV 1/2, Uni-Gold HIV Kit, 20 Tests","HIV 1/2, Uni-Gold HIV Kit",Uni-Gold,,Test kit,20,728,23296.0,32.0,1.6,"Trinity Biotech, Plc",Yes,245,6897.71,38.44
75089,116-ZA-T30,FPQ-14942,SCMS-259071,ASN-29596,South Africa,PMO - US,Direct Drop,DDP,Truck,9/11/2014,11/28/2014,28-Nov-14,28-Nov-14,28-Nov-14,ARV,Adult,PHARMACY DIRECT,"Darunavir 300mg [Prezista], tablets, 120 Tabs",Darunavir,Prezista,300mg,Tablet,120,36,1696.63,47.13,0.39,"Janssen-Cilag, Latina, IT",No,Weight Captured Separately,Freight Included in Commodity Cost,1.74
85872,109-TZ-T30,FPQ-9271,SO-41581,DN-2718,Tanzania,PMO - US,From RDC,N/A - From RDC,Truck,1/31/2012,N/A - From RDC,1-Aug-12,25-Jul-12,25-Jul-12,ARV,Adult,SCMS from RDC,"Tenofovir Disoproxil Fumarate 300mg, tablets, 30 Tabs",Tenofovir Disoproxil Fumarate,Generic,300mg,Tablet,30,10000,55000.0,5.5,0.18,"Aurobindo Unit III, India",No,See DN-2718 (ID#:84176),See DN-2718 (ID#:84176),77.11
84664,106-HT-T30,FPQ-6801,SO-38213,DN-2310,Haiti,PMO - US,From RDC,N/A - From RDC,Air,12/14/2010,N/A - From RDC,19-Jul-11,11-Aug-11,11-Aug-11,ARV,Adult,SCMS from RDC,"Lamivudine/Zidovudine 150/300mg, tablets, 60 Tabs",Lamivudine/Zidovudine,Generic,150/300mg,Tablet - FDC,60,18958,162090.9,8.55,0.14,Mylan (formerly Matrix) Nashik,No,See DN-2310 (ID#:82968),See DN-2310 (ID#:82968),267.45
86252,114-UG-T30,FPQ-4497,SO-34840,DN-1598,Uganda,PMO - US,From RDC,N/A - From RDC,Air,10/28/2009,N/A - From RDC,17-Feb-10,23-Dec-09,23-Dec-09,ARV,Adult,SCMS from RDC,"Zidovudine 300mg, tablets, 60 Tabs",Zidovudine,Generic,300mg,Tablet,60,140,1054.2,7.53,0.13,"Aurobindo Unit III, India",No,See DN-1598 (ID#:83392),See DN-1598 (ID#:83392),2.27
25990,900-SS-T30,FPQ-10504,SCMS-157880,ASN-16852,South Sudan,PMO - US,Direct Drop,EXW,Air,8/15/2012,8/21/2012,13-Dec-12,13-Dec-12,13-Dec-12,HRDT,HIV test - Ancillary,"Orgenics, Ltd","Capillary Tubes, for Determine, EDTA, 50uL,100 Pcs","HIV, Capillary Tubes, for Determine, EDTA, 50uL,100 Pcs",Determine,,Test kit - Ancillary,100,640,5120.0,8.0,0.08,"Alere Medical Co., Ltd.",Yes,331,7539.52,7.18
84010,107-RW-T30,FPQ-5394,SO-36580,DN-1870,Rwanda,PMO - US,From RDC,N/A - From RDC,Air,3/25/2010,N/A - From RDC,15-Jul-10,7-Jul-10,7-Jul-10,ARV,Adult,SCMS from RDC,"Lamivudine/Nevirapine/Zidovudine 150/200/300mg, tablets, 60 Tabs",Lamivudine/Nevirapine/Zidovudine,Generic,150/300/200mg,Tablet - FDC,60,5869,65850.18,11.22,0.19,Mylan (formerly Matrix) Nashik,Yes,758,8929.51,141.97
85795,109-TZ-T30,FPQ-7675,SO-39752,DN-2374,Tanzania,PMO - US,From RDC,N/A - From RDC,Air,5/18/2011,N/A - From RDC,30-Sep-11,23-Sep-11,23-Sep-11,ARV,Adult,SCMS from RDC,"Efavirenz/Emtricitabine/Tenofovir Disoproxil Fumarate 600/200/300mg, tablets, 30 Tabs",Efavirenz/Emtricitabine/Tenofovir Disoproxil Fumarate,Generic,600/200/300mg,Tablet - FDC,30,6840,136252.8,19.92,0.66,Mylan (formerly Matrix) Nashik,Yes,778,Freight Included in Commodity Cost,224.82
2647,104-CI-T01,Pre-PQ Process,SCMS-28,ASN-16,Côte d'Ivoire,PMO - US,Direct Drop,EXW,Air,Pre-PQ Process,Date Not Captured,6-Sep-06,6-Sep-06,6-Sep-06,HRDT,HIV test,BIO-RAD LABORATORIES (FRANCE),"#108853** HIV, Genie II HIV-1/HIV-2 Kit, 40 Tests","HIV, Genie II HIV-1/HIV-2 Kit",Genie,,Test kit,40,100,7535.0,75.35,1.88,Bio-Rad Laboratories,Yes,107,1845.74,
82974,110-ZM-T30,FPQ-7085,SO-38732,DN-2323,Zambia,PMO - US,From RDC,N/A - From RDC,Truck,2/3/2011,N/A - From RDC,5-Sep-11,5-Sep-11,5-Sep-11,ARV,Adult,SCMS from RDC,"Efavirenz 600mg, tablets, 30 Tabs",Efavirenz,Generic,600mg,Tablet,30,99366,429261.12,4.32,0.14,Hetero Unit III Hyderabad IN,Yes,8045,13511.49,708.28
12272,111-MZ-T01,Pre-PQ Process,SO-27430,DN-1177,Mozambique,PMO - US,From RDC,N/A - From RDC,Air,Pre-PQ Process,N/A - From RDC,15-May-09,15-May-09,15-May-09,ARV,Adult,SCMS from RDC,"Stavudine 30mg, capsules, 60 Caps",Stavudine,Generic,30mg,Capsule,60,630,976.5,1.55,0.03,"Aurobindo Unit III, India",Yes,42,1217.37,1.91
25828,161-ZA-T30,FPQ-6708,SCMS-93580,ASN-10111,South Africa,PMO - US,Direct Drop,DDP,Ocean,11/26/2010,12/14/2010,8-Apr-11,5-May-11,5-May-11,ARV,Adult,CIPLA LIMITED,"Tenofovir Disoproxil Fumarate 300mg, tablets, 30 Tabs",Tenofovir Disoproxil Fumarate,Generic,300mg,Tablet,30,12346,84693.56,6.86,0.23,"Cipla, Goa, India",Yes,820,9177.19,139.74
12165,100-ZW-T01,Pre-PQ Process,SO-2667,DN-756,Zimbabwe,PMO - US,From RDC,N/A - From RDC,Air,Pre-PQ Process,N/A - From RDC,11-Jun-08,11-Jun-08,11-Jun-08,ARV,Adult,SCMS from RDC,"Lamivudine/Nevirapine/Stavudine 150/200/30mg, tablets, 60 Tabs",Lamivudine/Nevirapine/Stavudine,Generic,150/200/30mg,Tablet - FDC,60,37240,275576.0,7.4,0.12,"Cipla, Goa, India",No,See DN-756 (ID#:11866),See DN-756 (ID#:11866),440.92
85781,109-TZ-T30,FPQ-7675,SO-39751,DN-2314,Tanzania,PMO - US,From RDC,N/A - From RDC,Air,5/18/2011,N/A - From RDC,30-Sep-11,30-Aug-11,30-Aug-11,ARV,Adult,SCMS from RDC,"Tenofovir Disoproxil Fumarate 300mg, tablets, 30 Tabs",Tenofovir Disoproxil Fumarate,Generic,300mg,Tablet,30,4279,28113.03,6.57,0.22,Mylan (formerly Matrix) Nashik,Yes,259,1553.64,46.39
68785,108-VN-T30,FPQ-4265,SCMS-57140,ASN-6264,Vietnam,PMO - US,Direct Drop,EXW,Air,10/20/2009,11/13/2009,17-Mar-10,17-Mar-10,17-Mar-10,ARV,Adult,Aurobindo Pharma Limited,"Lamivudine 150mg, tablets, 60 Tabs",Lamivudine,Generic,150mg,Tablet,60,20520,49248.0,2.4,0.04,"Aurobindo Unit III, India",No,See ASN-6264 (ID#:52856),See ASN-6264 (ID#:52856),96.53
46867,114-UG-T30,FPQ-15314,SCMS-264750,ASN-31497,Uganda,PMO - US,Direct Drop,EXW,Air,11/11/2014,12/4/2014,5-May-15,5-May-15,5-May-15,HRDT,HIV test,"Orgenics, Ltd","HIV 1/2, Determine Complete HIV Kit, 100 Tests","HIV 1/2, Determine Complete HIV Kit",Determine,,Test kit,100,6118,489440.0,80.0,0.8,"Alere Medical Co., Ltd.",Yes,2477,19775.55,576.07
1279,113-ZW-T01,Pre-PQ Process,SCMS-135,ASN-79,Zimbabwe,PMO - US,Direct Drop,CIP,Air,Pre-PQ Process,Date Not Captured,7-Nov-06,7-Nov-06,7-Nov-06,ARV,Adult,INTERNATIONAL HEALTHCARE DISTRIBUTORS,"Lopinavir/Ritonavir 133.3/33.3mg [Kaletra], capsules, cool, 2 x 90 Caps",Lopinavir/Ritonavir,Kaletra,133.3/33.3mg,Capsule,180,260,11096.8,42.68,0.24,ABBVIE (Abbott) St. P'burg USA,Yes,135,Freight Included in Commodity Cost,
82442,101-CD-T30,FPQ-8840,SO-41146,DN-2510,"Congo, DRC",PMO - US,From RDC,N/A - From RDC,Air,11/21/2011,N/A - From RDC,16-Mar-12,23-Mar-12,23-Mar-12,ARV,Adult,SCMS from RDC,"Lamivudine/Tenofovir Disoproxil Fumarate 300/300mg, tablets, 30 Tabs",Lamivudine/Tenofovir Disoproxil Fumarate,Generic,300/300mg,Tablet - FDC,30,20,121.6,6.08,0.2,Mylan (formerly Matrix) Nashik,Yes,70,1524.5,0.17
39799,114-UG-T30,FPQ-12477,SCMS-198710,ASN-21405,Uganda,PMO - US,Direct Drop,EXW,Air,7/8/2013,7/31/2013,29-Aug-13,29-Aug-13,29-Aug-13,ARV,Adult,MYLAN LABORATORIES LTD (FORMERLY MATRIX LABORATORIES),"Lamivudine/Nevirapine/Zidovudine 150/200/300mg, tablets, 60 Tabs",Lamivudine/Nevirapine/Zidovudine,Generic,150/300/200mg,Tablet - FDC,60,50000,405000.0,8.1,0.13,Mylan (formerly Matrix) Nashik,Yes,6918,22886.81,500.98
59704,161-ZA-T30,FPQ-6708,SCMS-93500,ASN-9932,South Africa,PMO - US,Direct Drop,DDP,Ocean,11/26/2010,12/14/2010,4-Apr-11,4-Apr-11,4-Apr-11,ARV,Pediatric,Aurobindo Pharma Limited,"Nevirapine 10mg/ml, oral suspension w/syringe, Bottle, 240 ml",Nevirapine,Generic,10mg/ml,Oral suspension,240,5590,11850.8,2.12,0.01,"Aurobindo Unit III, India",Yes,2068,3961.69,19.55
21983,116-ZA-T30,FPQ-4770,SCMS-60170,ASN-5933,South Africa,PMO - US,Direct Drop,DDP,Truck,12/17/2009,12/23/2009,29-Dec-09,29-Dec-09,29-Dec-09,ARV,Adult,S. BUYS WHOLESALER,"Zidovudine 300mg [Retrovir], tablets, 60 Tabs",Zidovudine,Retrovir,300mg,Tablet,60,500,7451.43,14.9,0.25,GSK Ware (UK),No,Weight Captured Separately,Freight Included in Commodity Cost,16.07
86020,105-GY-T30,FPQ-12619,SO-46090,DN-3425,Guyana,PMO - US,From RDC,N/A - From RDC,Air,7/16/2013,N/A - From RDC,31-Dec-13,2-Dec-13,20-Dec-13,ARV,Adult,SCMS from RDC,"Lopinavir/Ritonavir 200/50mg [Aluvia], tablets, 120 Tabs",Lopinavir/Ritonavir,Aluvia,200/50mg,Tablet,120,1490,30127.8,20.22,0.17,ABBVIE Ludwigshafen Germany,No,See DN-3425 (ID#:82618),See DN-3425 (ID#:82618),37.27
12762,100-ZW-T01,Pre-PQ Process,SO-710,DN-488,Zimbabwe,PMO - US,From RDC,N/A - From RDC,Air,Pre-PQ Process,N/A - From RDC,14-Jan-08,14-Jan-08,14-Jan-08,ARV,Adult,SCMS from RDC,"Lamivudine/Stavudine 150/30mg, tablets, 30 Tabs",Lamivudine/Stavudine,Generic,150/30mg,Tablet - FDC,30,1600,3200.0,2.0,0.07,"Cipla, Goa, India",No,See DN-488 (ID#:10652),See DN-488 (ID#:10652),5.12
10847,104-CI-T01,Pre-PQ Process,SO-522,DN-240,Côte d'Ivoire,PMO - US,From RDC,N/A - From RDC,,Pre-PQ Process,N/A - From RDC,16-Jul-07,16-Jul-07,16-Jul-07,ARV,Adult,SCMS from RDC,"Abacavir 300mg, tablets, 60 Tabs",Abacavir,Generic,300mg,Tablet,60,1051,37625.8,35.8,0.6,"Aurobindo Unit III, India",Yes,373,1850,60.2
42300,116-ZA-T30,FPQ-14942,SCMS-295800,ASN-33865,South Africa,PMO - US,Direct Drop,DDP,Truck,9/11/2014,8/24/2015,24-Aug-15,24-Aug-15,24-Aug-15,ARV,Adult,PHARMACY DIRECT,"Emtricitabine/Tenofovir Disoproxil Fumarate 200/300mg, tablets, 30 Tabs",Emtricitabine/Tenofovir Disoproxil Fumarate,Generic,200/300mg,Tablet - FDC,30,10,234.38,23.44,0.78,"Aurobindo Unit III, India",No,Weight Captured Separately,Freight Included in Commodity Cost,0.24
9936,116-ZA-T01,Pre-PQ Process,SCMS-28830,ASN-2502,South Africa,PMO - US,Direct Drop,DDP,Truck,Pre-PQ Process,Date Not Captured,25-Aug-08,18-Aug-08,18-Aug-08,ARV,Adult,S. BUYS WHOLESALER,"Zidovudine 300mg [Retrovir], tablets, 60 Tabs",Zidovudine,Retrovir,300mg,Tablet,60,550,6820.0,12.4,0.21,GSK Aranda,No,Weight Captured Separately,Freight Included in Commodity Cost,10.91
10663,105-GY-T01,Pre-PQ Process,SO-1239,DN-557,Guyana,PMO - US,From RDC,N/A - From RDC,Air,Pre-PQ Process,N/A - From RDC,24-Jan-08,24-Jan-08,24-Jan-08,ARV,Adult,SCMS from RDC,"Efavirenz 600mg, tablets, 30 Tabs",Efavirenz,Generic,600mg,Tablet,30,5670,70421.4,12.42,0.41,"Strides, Bangalore, India.",Yes,441,6141.25,112.67
45048,116-ZA-T30,FPQ-13035,SCMS-215370,ASN-24415,South Africa,PMO - US,Direct Drop,DDP,Truck,10/8/2013,12/2/2013,6-Feb-14,6-Feb-14,6-Feb-14,ARV,Adult,S. BUYS WHOLESALER,"Stavudine 30mg, capsules, 60 Caps",Stavudine,Generic,30mg,Capsule,60,408,1608.59,3.94,0.07,"Aurobindo Unit III, India",No,Weight Captured Separately,Freight Included in Commodity Cost,1.99
65132,144-BW-T30,FPQ-4207,SCMS-41840,ASN-6012,Botswana,PMO - US,Direct Drop,EXW,Air,3/10/2009,3/25/2009,1-Mar-10,1-Mar-10,1-Mar-10,HRDT,HIV test,Orasure Technologies Inc.,"HIV 1/2, OraQuick Advance HIV Rapid Antibody Kit, 100 Tests","HIV 1/2, OraQuick Advance HIV Rapid Antibody Kit",OraQuick,,Test kit,100,20,7000.0,350.0,3.5,"Pacific Biotech, Thailand",Yes,48,1681.44,13.72
85478,104-CI-T30,FPQ-13142,SO-47152,DN-3731,Côte d'Ivoire,PMO - US,From RDC,N/A - From RDC,Truck,10/22/2013,N/A - From RDC,16-Jun-14,16-Jun-14,10-Jul-14,ARV,Adult,SCMS from RDC,"Lamivudine/Nevirapine/Zidovudine 150/200/300mg, tablets, 60 Tabs",Lamivudine/Nevirapine/Zidovudine,Generic,150/300/200mg,Tablet - FDC,60,24765,200844.15,8.11,0.14,"Strides, Bangalore, India.",Yes,2751,11438.93,206.47
20506,108-VN-T30,FPQ-15692,SCMS-281650,ASN-32442,Vietnam,PMO - US,Direct Drop,EXW,Air,1/28/2015,3/19/2015,7-Jul-15,7-Jul-15,7-Jul-15,ARV,Adult,HETERO LABS LIMITED,"Tenofovir Disoproxil Fumarate 300mg, tablets, 30 Tabs",Tenofovir Disoproxil Fumarate,Generic,300mg,Tablet,30,17300,54495.0,3.15,0.1,Hetero Unit III Hyderabad IN,Yes,1320,2730.91,64.14
35660,110-ZM-T30,FPQ-11390,SCMS-173920,ASN-19075,Zambia,PMO - US,Direct Drop,EXW,Air,1/8/2013,1/23/2013,5-Jun-13,5-Jun-13,5-Jun-13,HRDT,HIV test,"Orgenics, Ltd","HIV 1/2, Determine Complete HIV Kit, 100 Tests","HIV 1/2, Determine Complete HIV Kit",Determine,,Test kit,100,2233,178640.0,80.0,0.8,"Alere Medical Co., Ltd.",Yes,925,16740.97,220.98
70577,108-VN-T30,FPQ-6384,SCMS-87740,ASN-9153,Vietnam,PMO - US,Direct Drop,EXW,Air,9/30/2010,10/15/2010,23-Dec-10,23-Dec-10,23-Dec-10,ARV,Adult,STRIDES ARCOLAB LIMITED,"Lamivudine 150mg, tablets, 60 Tabs",Lamivudine,Generic,150mg,Tablet,60,29847,70140.45,2.35,0.04,"Strides, Bangalore, India.",Yes,1403,6475.64,151.22
83842,110-ZM-T30,FPQ-13221,SO-48410,DN-3861,Zambia,PMO - US,From RDC,N/A - From RDC,Truck,10/31/2013,N/A - From RDC,31-Jul-14,23-Sep-14,6-Oct-14,ARV,Adult,SCMS from RDC,"Lopinavir/Ritonavir 200/50mg, tablets, 120 Tabs",Lopinavir/Ritonavir,Generic,200/50mg,Tablet,120,312,6149.52,19.71,0.16,Mylan (formerly Matrix) Nashik,Yes,80,87.87,6.32
5034,116-ZA-T01,Pre-PQ Process,SCMS-40790,ASN-3575,South Africa,PMO - US,Direct Drop,DDP,Air,Pre-PQ Process,Date Not Captured,24-Mar-09,1-Dec-08,1-Dec-08,ARV,Adult,S. BUYS WHOLESALER,"Stavudine 30mg, capsules, 60 Caps",Stavudine,Generic,30mg,Capsule,60,1325,3339.0,2.52,0.04,"Aurobindo Unit III, India",No,Weight Captured Separately,Freight Included in Commodity Cost,6.54
70236,202-GT-T30,FPQ-6964,SCMS-96160,ASN-10479,Guatemala,PMO - US,Direct Drop,FCA,Air,12/29/2010,1/5/2011,18-Apr-11,18-Apr-11,18-Apr-11,ARV,Adult,Hoffmann-La Roche ltd Basel,"Saquinavir 500mg [Invirase], tablets, 120 Tabs",Saquinavir,Invirase,500mg,Tablet,120,175,41553.18,237.45,1.98,Roche Basel,Yes,31,566.56,68.56
31662,116-ZA-T30,FPQ-14942,SCMS-259072,ASN-30377,South Africa,PMO - US,Direct Drop,DDP,Truck,9/11/2014,1/26/2015,26-Jan-15,26-Jan-15,26-Jan-15,ARV,Pediatric,PHARMACY DIRECT,"Efavirenz 200mg, capsule, 90 Caps",Efavirenz,Generic,200mg,Capsule,90,21,357.92,17.04,0.19,"Aurobindo Unit III, India",No,Weight Captured Separately,Freight Included in Commodity Cost,0.37
10366,116-ZA-T01,Pre-PQ Process,SCMS-41585,ASN-4386,South Africa,PMO - US,Direct Drop,DDP,Air,Pre-PQ Process,3/27/2009,25-Jun-09,21-Apr-09,21-Apr-09,ARV,Adult,S. BUYS WHOLESALER,"Lamivudine 150mg, tablets, 60 Tabs",Lamivudine,Generic,150mg,Tablet,60,3344,23675.52,7.08,0.12,"Aurobindo Unit III, India",No,Weight Captured Separately,Freight Included in Commodity Cost,46.4
2297,108-VN-T01,Pre-PQ Process,SCMS-37160,ASN-3561,Vietnam,PMO - US,Direct Drop,EXW,Air,Pre-PQ Process,1/16/2009,7-Apr-09,7-Apr-09,7-Apr-09,ARV,Adult,Aurobindo Pharma Limited,"Lamivudine 150mg, tablets, 60 Tabs",Lamivudine,Generic,150mg,Tablet,60,9000,21600.0,2.4,0.04,"Aurobindo Unit III, India",Yes,2228,9809.7,42.34
59530,116-ZA-T30,FPQ-13214,SCMS-215410,ASN-23875,South Africa,PMO - US,Direct Drop,DDP,Truck,11/14/2013,12/2/2013,13-Jan-14,13-Jan-14,13-Jan-14,ARV,Adult,S. BUYS WHOLESALER,"Didanosine 250mg, delayed-release capsules, 30 Caps",Didanosine,Generic,250mg,Delayed-release capsules,30,18,271.8,15.1,0.5,"Aurobindo Unit III, India",No,Weight Captured Separately,Freight Included in Commodity Cost,0.28
85138,104-CI-T30,FPQ-5623,SO-36890,DN-1984,Côte d'Ivoire,PMO - US,From RDC,N/A - From RDC,Air,5/7/2010,N/A - From RDC,31-Aug-10,23-Aug-10,23-Aug-10,ARV,Adult,SCMS from RDC,"Lamivudine/Stavudine 150/30mg, tablets, 60 Tabs",Lamivudine/Stavudine,Generic,150/30mg,Tablet - FDC,60,441,1446.48,3.28,0.05,"Strides, Bangalore, India.",No,See DN-1984 (ID#:83453),See DN-1984 (ID#:83453),3.12
85309,102-ZW-T30,FPQ-9927,SO-42282,DN-2867,Zimbabwe,PMO - US,From RDC,N/A - From RDC,Truck,5/15/2012,N/A - From RDC,5-Oct-12,5-Oct-12,5-Oct-12,ARV,Adult,SCMS from RDC,"Nevirapine 200mg, tablets, 60 Tabs",Nevirapine,Generic,200mg,Tablet,60,69737,168763.54,2.42,0.04,Hetero Unit III Hyderabad IN,Yes,4028,8751.99,236.61
85419,109-TZ-T30,FPQ-13042,SO-46680,DN-3401,Tanzania,PMO - US,From RDC,N/A - From RDC,Truck,10/1/2013,N/A - From RDC,26-Dec-13,16-Dec-13,17-Jan-14,ARV,Adult,SCMS from RDC,"Nevirapine 200mg, tablets, 60 Tabs",Nevirapine,Generic,200mg,Tablet,60,72518,163890.68,2.26,0.04,"Strides, Bangalore, India.",No,See DN-3401 (ID#:83180),See DN-3401 (ID#:83180),202.73
81293,102-KE-T30,FPQ-4250,SCMS-55900,ASN-5689,Kenya,PMO - US,Direct Drop,EXW,Air,9/16/2009,10/23/2009,7-Jan-10,7-Jan-10,7-Jan-10,HRDT,HIV test,"Standard Diagnostics, Inc.","HIV 1/2, Bioline 3.0 Kit, Lancets, Capillary pipets, Alcohol swabs included, 25 Tests","HIV 1/2, Bioline 3.0 Kit, Lancets, Capillary pipets, Alcohol swabs included",Bioline,,Test kit,25,8525,170500.0,20.0,0.8,"Standard Diagnostics, Korea",Yes,2842,21825.6,334.18
83062,900-UG-T30,FPQ-10048,SO-42581,DN-2782,Uganda,PMO - US,From RDC,N/A - From RDC,Air,6/6/2012,N/A - From RDC,30-Oct-12,30-Oct-12,30-Oct-12,ARV,Adult,SCMS from RDC,"Lopinavir/Ritonavir 200/50mg, tablets, 120 Tabs",Lopinavir/Ritonavir,Generic,200/50mg,Tablet,120,5000,148400.0,29.68,0.25,"Aurobindo Unit III, India",Yes,1199,7070,208.06
11076,111-MZ-T01,Pre-PQ Process,SO-32571,DN-1532,Mozambique,PMO - US,From RDC,N/A - From RDC,Air,Date Not Captured,N/A - From RDC,11-Dec-09,11-Dec-09,11-Dec-09,ARV,Adult,SCMS from RDC,"Lamivudine/Stavudine 150/30mg, tablets, 60 Tabs",Lamivudine/Stavudine,Generic,150/30mg,Tablet - FDC,60,2510,9789.0,3.9,0.06,"Cipla, Goa, India",Yes,190,1317.4,21.11
32189,108-VN-T30,FPQ-15692,SCMS-274390,ASN-32268,Vietnam,PMO - US,Direct Drop,EXW,Air,1/28/2015,2/17/2015,10-Jul-15,7-Jul-15,7-Jul-15,ARV,Adult,HETERO LABS LIMITED,"Efavirenz/Lamivudine/Tenofovir Disoproxil Fumarate 600/300/300mg, tablets, 30 Tabs",Efavirenz/Lamivudine/Tenofovir Disoproxil Fumarate,Generic,600/300/300mg,Tablet - FDC,30,17760,177600.0,10.0,0.33,Hetero Unit III Hyderabad IN,Yes,2523,4784.19,209.04
82409,106-HT-T30,FPQ-6801,SO-38215,DN-2370,Haiti,PMO - US,From RDC,N/A - From RDC,Air,12/14/2010,N/A - From RDC,31-Oct-11,10-Oct-11,10-Oct-11,ARV,Pediatric,SCMS from RDC,"Nevirapine 10mg/ml, oral suspension w/syringe, Bottle, 240 ml",Nevirapine,Generic,10mg/ml,Oral suspension,240,1292,2519.4,1.95,0.01,"Aurobindo Unit III, India",Yes,483,5324.69,4.16
64709,106-HT-T30,FPQ-7649,SCMS-108910,ASN-13616,Haiti,PMO - US,Direct Drop,CIP,Air,4/27/2011,5/30/2011,13-Feb-12,13-Feb-12,13-Feb-12,ARV,Adult,MERCK SHARP & DOHME IDEA GMBH (FORMALLY MERCK SHARP & DOHME B.V.),"Indinavir 400mg [Crixivan], capsules, 180 Caps",Indinavir,Crixivan,400mg,Capsule,180,28,1400.0,50.0,0.28,"MSD, Haarlem, NL",Yes,7,290,2.31
40934,108-VN-T30,FPQ-12051,SCMS-188570,ASN-21378,Vietnam,PMO - US,Direct Drop,FCA,Air,5/3/2013,8/19/2013,16-Sep-13,16-Sep-13,16-Sep-13,ARV,Adult,ABBVIE LOGISTICS (FORMERLY ABBOTT LOGISTICS BV),"Ritonavir 100mg [Norvir], film coated tablets, 30 Tabs",Ritonavir,Norvir,100mg,Tablet,30,71,1651.46,23.26,0.78,ABBVIE Ludwigshafen Germany,Yes,15,493.42,2.04
7421,119-NA-T01,Pre-PQ Process,SCMS-31190,ASN-2718,Namibia,PMO - US,Direct Drop,CIP,Air,Pre-PQ Process,9/24/2008,28-Oct-08,28-Oct-08,28-Oct-08,HRDT,HIV test,"Orgenics, Ltd","HIV 1/2, Clearview Complete Kit, 25 Tests","HIV 1/2, Clearview Complete Kit",Clearview,,Test kit,25,7,525.0,75.0,3.0,Inverness USA,Yes,3,85.27,1.03
75153,133-NG-T30,FPQ-12812,SCMS-210340,ASN-23200,Nigeria,PMO - US,Direct Drop,EXW,Air,8/13/2013,11/1/2013,3-Jan-14,3-Jan-14,13-Jan-14,HRDT,HIV test,"CHEMBIO DIAGNOSTIC SYSTEMS, INC.","HIV 1/2, Stat-Pak HIV, Kit, 20 Tests","HIV 1/2, Stat-Pak HIV, Kit",Stat-Pak,,Test kit,20,3337,106784.0,32.0,1.6,Chembio Diagnostics Sys. Inc.,Yes,1252,5758.84,132.09
64903,116-ZA-T30,FPQ-14942,SCMS-259078,ASN-33472,South Africa,PMO - US,Direct Drop,DDP,Truck,9/11/2014,10/9/2014,24-Jul-15,24-Jul-15,24-Jul-15,ARV,Adult,PHARMACY DIRECT,"Saquinavir 200mg [Invirase], capsules, 270 Caps",Saquinavir,Invirase,200mg,Capsule,270,27,1611.22,59.67,0.22,Roche Madrid,No,Weight Captured Separately,Freight Included in Commodity Cost,1.66
82842,106-HT-T30,FPQ-4277,SO-33730,DN-1479,Haiti,PMO - US,From RDC,N/A - From RDC,Air,9/22/2009,N/A - From RDC,18-Nov-09,18-Oct-09,18-Oct-09,ARV,Pediatric,SCMS from RDC,"Abacavir 20mg/ml, oral solution, Bottle, 240 ml",Abacavir,Generic,20mg/ml,Oral solution,240,96,1405.44,14.64,0.06,"Aurobindo Unit III, India",Yes,54,1576.32,2.75
6671,104-CI-T01,Pre-PQ Process,SCMS-609,ASN-704,Côte d'Ivoire,PMO - US,Direct Drop,CIP,Air,Pre-PQ Process,5/30/2007,21-Sep-07,21-Sep-07,21-Sep-07,ARV,Pediatric,BRISTOL-MYERS SQUIBB,"#102198**Didanosine 200mg [Videx], tablets, 60 Tabs",Didanosine,Videx,200mg,Tablet,60,5721,145885.5,25.5,0.42,"BMS Meymac, France",Yes,1232,Freight Included in Commodity Cost,233.42
7968,110-ZM-T01,Pre-PQ Process,SCMS-139,ASN-130,Zambia,PMO - US,Direct Drop,DDU,Air,Pre-PQ Process,Date Not Captured,8-Jan-07,8-Jan-07,8-Jan-07,ARV,Adult,MERCK SHARP & DOHME IDEA GMBH (FORMALLY MERCK SHARP & DOHME B.V.),"Indinavir 400mg [Crixivan], capsules, 180 Caps",Indinavir,Crixivan,400mg,Capsule,180,1307,64461.24,49.32,0.27,MSD Elkton USA,No,Weight Captured Separately,Freight Included in Commodity Cost,
64371,116-ZA-T30,FPQ-13973,SCMS-238550,ASN-30792,South Africa,PMO - US,Direct Drop,DDP,Truck,4/30/2014,5/8/2014,19-Feb-15,19-Feb-15,19-Feb-15,ARV,Adult,PHARMACY DIRECT,"Didanosine 250mg, delayed-release capsules, 30 Caps",Didanosine,Generic,250mg,Delayed-release capsules,30,3,45.74,15.25,0.51,"Aurobindo Unit III, India",No,Weight Captured Separately,Freight Included in Commodity Cost,0.05
71773,114-UG-T30,FPQ-11371,SCMS-173110,ASN-18722,Uganda,PMO - US,Direct Drop,EXW,Air,1/3/2013,1/11/2013,29-Apr-13,29-Apr-13,29-Apr-13,HRDT,HIV test - Ancillary,"Orgenics, Ltd","Capillary Tubes, for Determine, EDTA, 50uL,100 Pcs","HIV, Capillary Tubes, for Determine, EDTA, 50uL,100 Pcs",Determine,,Test kit - Ancillary,100,100,800.0,8.0,0.08,"Alere Medical Co., Ltd.",Yes,74,1649.91,0.99
56679,116-ZA-T30,FPQ-12522,SCMS-199287,ASN-27751,South Africa,PMO - US,Direct Drop,DDP,Truck,7/11/2013,8/13/2014,13-Aug-14,13-Aug-14,13-Aug-14,ARV,Pediatric,S. BUYS WHOLESALER,"Lopinavir/Ritonavir 80/20mg/ml [Kaletra], oral solution, cool, Bottle 5 x 60 ml",Lopinavir/Ritonavir,Kaletra,80/20mg/ml,Oral solution,300,2,46.9,23.45,0.08,ABBVIE (Abbott) Logis. UK,Yes,Weight Captured Separately,Freight Included in Commodity Cost,0.06
25726,107-RW-T30,FPQ-4954,SCMS-64520,ASN-7396,Rwanda,PMO - US,Direct Drop,CIP,Air,1/29/2010,2/9/2010,30-Jun-10,30-Jun-10,30-Jun-10,ARV,Adult,MYLAN LABORATORIES LTD (FORMERLY MATRIX LABORATORIES),"Abacavir 300mg, tablets, 60 Tabs",Abacavir,Generic,300mg,Tablet,60,26100,424125.0,16.25,0.27,Mylan (formerly Matrix) Nashik,Yes,2586,1170.2,914.41
84095,100-BJ-T30,FPQ-7658,SO-39800,DN-2252,Benin,PMO - US,From RDC,N/A - From RDC,Air,5/15/2011,N/A - From RDC,13-Jun-11,5-Jul-11,5-Jul-11,ARV,Adult,SCMS from RDC,"Lamivudine/Nevirapine/Stavudine 150/200/30mg, tablets, 60 Tabs",Lamivudine/Nevirapine/Stavudine,Generic,150/200/30mg,Tablet - FDC,60,14770,79462.6,5.38,0.09,"Cipla, Goa, India",Yes,2192,10829.6,131.11
28439,133-NG-T30,FPQ-16329,SCMS-289130,ASN-32954,Nigeria,PMO - US,Direct Drop,EXW,Air,5/7/2015,5/26/2015,14-Jul-15,14-Jul-15,14-Jul-15,HRDT,HIV test,"Orgenics, Ltd","HIV 1/2, Determine Complete HIV Kit, 100 Tests","HIV 1/2, Determine Complete HIV Kit",Determine,,Test kit,100,6380,567820.0,89.0,0.89,"Alere Medical Co., Ltd.",Yes,2587,Freight Included in Commodity Cost,668.32
85081,151-NG-T30,FPQ-4105,SO-33145,DN-1614,Nigeria,PMO - US,From RDC,N/A - From RDC,Air,8/13/2009,N/A - From RDC,29-Jan-10,22-Jan-10,22-Jan-10,ARV,Adult,SCMS from RDC,"Lamivudine/Nevirapine/Zidovudine 150/200/300mg, tablets, 60 Tabs",Lamivudine/Nevirapine/Zidovudine,Generic,150/300/200mg,Tablet - FDC,60,40080,454908.0,11.35,0.19,"Aurobindo Unit III, India",Yes,4498,19480.97,891.62
6692,108-VN-T01,Pre-PQ Process,SCMS-751,ASN-633,Vietnam,PMO - US,Direct Drop,FCA,Air,Pre-PQ Process,7/3/2007,10-Sep-07,10-Sep-07,10-Sep-07,ARV,Adult,ABBVIE LOGISTICS (FORMERLY ABBOTT LOGISTICS BV),"Lopinavir/Ritonavir 200/50mg [Aluvia], tablets, 120 Tabs",Lopinavir/Ritonavir,Aluvia,200/50mg,Tablet,120,1000,82190.0,82.19,0.68,ABBVIE Ludwigshafen Germany,Yes,226,5294.51,131.5
63468,116-ZA-T30,FPQ-12522,SCMS-199289,ASN-28033,South Africa,PMO - US,Direct Drop,DDP,Truck,7/11/2013,8/29/2014,29-Aug-14,29-Aug-14,29-Aug-14,ARV,Adult,S. BUYS WHOLESALER,"Efavirenz 600mg, tablets, 30 Tabs",Efavirenz,Generic,600mg,Tablet,30,632,10473.05,16.57,0.55,Hetero Unit III Hyderabad IN,No,Weight Captured Separately,Freight Included in Commodity Cost,12.96
84593,104-CI-T30,FPQ-5623,SO-36881,DN-2012,Côte d'Ivoire,PMO - US,From RDC,N/A - From RDC,Truck,5/7/2010,N/A - From RDC,19-Oct-10,25-Sep-10,25-Sep-10,ARV,Adult,SCMS from RDC,"Lamivudine/Stavudine 150/30mg, tablets, 60 Tabs",Lamivudine/Stavudine,Generic,150/30mg,Tablet - FDC,60,5624,18446.72,3.28,0.05,Mylan (formerly Matrix) Nashik,No,See DN-2012 (ID#:84040),See DN-2012 (ID#:84040),39.77
646,116-ZA-T01,Pre-PQ Process,SCMS-26820,ASN-2488,South Africa,PMO - US,Direct Drop,DDP,Truck,Pre-PQ Process,Date Not Captured,10-Jul-08,8-Jul-08,8-Jul-08,ARV,Pediatric,S. BUYS WHOLESALER,"Nevirapine 10mg/ml [Viramune], oral suspension, Bottle, 240 ml",Nevirapine,Viramune,10mg/ml,Oral suspension,240,50,696.5,13.93,0.06,"BI, Ingelheim, Germany",Yes,Weight Captured Separately,Freight Included in Commodity Cost,1.11
65452,102-BI-T30,FPQ-13443,SCMS-223460,ASN-24711,Burundi,PMO - US,Direct Drop,EXW,Air,1/6/2014,2/3/2014,24-Mar-14,24-Mar-14,24-Mar-14,HRDT,HIV test,"CHEMBIO DIAGNOSTIC SYSTEMS, INC.","HIV 1/2, Stat-Pak Dipstick Assay Kit, 30 Tests","HIV 1/2, Stat-Pak Dipstick Assay Kit",Stat-Pak,,Test kit,30,345,9522.0,27.6,0.92,Chembio Diagnostics Sys. Inc.,Yes,37,946.77,9.79
12503,106-HT-T01,Pre-PQ Process,SO-2069,DN-704,Haiti,PMO - US,From RDC,N/A - From RDC,Air,Pre-PQ Process,N/A - From RDC,21-Apr-08,21-Apr-08,21-Apr-08,ARV,Adult,SCMS from RDC,"Zidovudine 300mg, tablets, 60 Tabs",Zidovudine,Generic,300mg,Tablet,60,3115,25387.25,8.15,0.14,"Aurobindo Unit III, India",Yes,178,2599,40.62
37987,161-ZA-T30,FPQ-5648,SCMS-75990,ASN-8794,South Africa,PMO - US,Direct Drop,DDP,Ocean,6/2/2010,6/17/2010,12-Jan-11,12-Jan-11,12-Jan-11,ARV,Adult,Aurobindo Pharma Limited,"Tenofovir Disoproxil Fumarate 300mg, tablets, 30 Tabs",Tenofovir Disoproxil Fumarate,Generic,300mg,Tablet,30,3619,25007.29,6.91,0.23,"Aurobindo Unit III, India",Yes,338,6147.09,53.92
84829,901-CM-T30,FPQ-12520,SO-45830,DN-3228,Cameroon,PMO - US,From RDC,N/A - From RDC,Air Charter,6/21/2013,N/A - From RDC,22-Jul-13,14-Jul-13,14-Jul-13,ARV,Adult,SCMS from RDC,"Lamivudine/Tenofovir Disoproxil Fumarate 300/300mg, tablets, 30 Tabs",Lamivudine/Tenofovir Disoproxil Fumarate,Generic,300/300mg,Tablet - FDC,30,5800,27260.0,4.7,0.16,"Aurobindo Unit VII, IN",No,See DN-3228 (ID#:82588),See DN-3228 (ID#:82588),33.72
13968,105-SS-T30,FPQ-12623,SCMS-200920,ASN-21751,South Sudan,PMO - US,Direct Drop,EXW,Air,7/18/2013,8/6/2013,18-Oct-13,18-Oct-13,18-Oct-13,HRDT,HIV test,"Trinity Biotech, Plc","HIV 1/2, Uni-Gold HIV Kit, 20 Tests","HIV 1/2, Uni-Gold HIV Kit",Uni-Gold,,Test kit,20,35,1120.0,32.0,1.6,"Trinity Biotech, Plc",Yes,176,4124.74,1.39
86468,111-MZ-T30,FPQ-8157,SO-40390,DN-2616,Mozambique,PMO - US,From RDC,N/A - From RDC,Truck,8/4/2011,N/A - From RDC,7-May-12,10-May-12,10-May-12,ARV,Adult,SCMS from RDC,"Lamivudine/Nevirapine/Zidovudine 150/200/300mg, tablets, 60 Tabs",Lamivudine/Nevirapine/Zidovudine,Generic,150/300/200mg,Tablet - FDC,60,2551,28622.22,11.22,0.19,"Aurobindo Unit III, India",No,See DN-2616 (ID#:83024),See DN-2616 (ID#:83024),47.23
1307,102-NG-T01,Pre-PQ Process,SCMS-343,ASN-259,Nigeria,PMO - US,Direct Drop,EXW,Air,Pre-PQ Process,Date Not Captured,15-Mar-07,30-Mar-07,30-Mar-07,HRDT,HIV test,BIO-RAD LABORATORIES (FRANCE),"#108853** HIV, Genie II HIV-1/HIV-2 Kit, 40 Tests","HIV, Genie II HIV-1/HIV-2 Kit",Genie,,Test kit,40,375,28500.0,76.0,1.9,Bio-Rad Laboratories,Yes,402,4445.75,
86622,110-ZM-T30,FPQ-12087,SO-45100,DN-3396,Zambia,PMO - US,From RDC,N/A - From RDC,Truck,4/19/2013,N/A - From RDC,24-Jan-14,24-Jan-14,17-Mar-14,ARV,Adult,SCMS from RDC,"Lopinavir/Ritonavir 200/50mg [Aluvia], tablets, 120 Tabs",Lopinavir/Ritonavir,Aluvia,200/50mg,Tablet,120,45711,924276.42,20.22,0.17,ABBVIE Ludwigshafen Germany,No,See DN-3396 (ID#:84302),See DN-3396 (ID#:84302),1143.33
31963,116-ZA-T30,FPQ-11828,SCMS-183950,ASN-19166,South Africa,South Africa Field Office,Direct Drop,DDP,Truck,3/18/2013,Date Not Captured,16-Apr-13,16-Apr-13,16-Apr-13,ARV,Adult,S. BUYS WHOLESALER,"Didanosine 250mg, delayed-release capsules, 30 Caps",Didanosine,Generic,250mg,Delayed-release capsules,30,2,30.85,15.42,0.51,"Aurobindo Unit III, India",No,Weight Captured Separately,Freight Included in Commodity Cost,0.04
54828,107-RW-T30,FPQ-9168,SCMS-137551,ASN-15765,Rwanda,PMO - US,Direct Drop,EXW,Air,1/13/2012,5/31/2012,16-Aug-12,16-Aug-12,16-Aug-12,ARV,Adult,MYLAN LABORATORIES LTD (FORMERLY MATRIX LABORATORIES),"Lamivudine/Tenofovir Disoproxil Fumarate 300/300mg, tablets, 30 Tabs",Lamivudine/Tenofovir Disoproxil Fumarate,Generic,300/300mg,Tablet - FDC,30,131704,683543.76,5.19,0.17,Mylan (formerly Matrix) Nashik,Yes,10818,119695.66,958.33
28691,116-ZA-T30,FPQ-12522,SCMS-199283,ASN-27979,South Africa,PMO - US,Direct Drop,DDP,Truck,7/11/2013,8/27/2014,27-Aug-14,27-Aug-14,27-Aug-14,ARV,Adult,S. BUYS WHOLESALER,"Lopinavir/Ritonavir 200/50mg [Aluvia], tablets, 120 Tabs",Lopinavir/Ritonavir,Aluvia,200/50mg,Tablet,120,31,798.55,25.76,0.21,ABBVIE Ludwigshafen Germany,No,Weight Captured Separately,Freight Included in Commodity Cost,0.99
49957,116-ZA-T30,FPQ-3560,SCMS-49680,ASN-5053,South Africa,PMO - US,Direct Drop,DDP,Truck,5/7/2009,7/21/2009,5-Aug-09,5-Aug-09,5-Aug-09,ARV,Pediatric,S. BUYS WHOLESALER,"Efavirenz 50mg, capsule, 30 Caps",Efavirenz,Generic,50mg,Capsule,30,4910,18698.88,3.81,0.13,"Aurobindo Unit III, India",Yes,Weight Captured Separately,Freight Included in Commodity Cost,36.65
85687,151-NG-T30,FPQ-5023,SO-36530,DN-1924,Nigeria,PMO - US,From RDC,N/A - From RDC,Air,2/10/2010,N/A - From RDC,15-Jul-10,28-Jun-10,28-Jun-10,ARV,Adult,SCMS from RDC,"Lamivudine/Zidovudine+Efavirenz 150/300mg+600mg, tablets, co-blister 60+30 Tabs",Lamivudine/Zidovudine+Efavirenz,Generic,150/300mg+600mg,Tablet - FDC + co-blister,90,213,4473.0,21.0,0.23,"Strides, Bangalore, India.",No,Weight Captured Separately,Freight Included in Commodity Cost,9.64
86788,102-BI-T30,FPQ-15406,SO-50280,DN-4178,Burundi,PMO - US,From RDC,N/A - From RDC,Air,11/19/2014,N/A - From RDC,29-May-15,25-Mar-15,30-Mar-15,ARV,Adult,SCMS from RDC,"Lamivudine/Nevirapine/Zidovudine 150/200/300mg, tablets, 60 Tabs",Lamivudine/Nevirapine/Zidovudine,Generic,150/300/200mg,Tablet - FDC,60,1008,7781.76,7.72,0.13,"Hetero, Jadcherla, unit 5, IN",No,See DN-4178 (ID#:84460),See DN-4178 (ID#:84460),9.16
62227,116-ZA-T30,FPQ-11828,SCMS-183950,ASN-19166,South Africa,South Africa Field Office,Direct Drop,DDP,Truck,3/18/2013,Date Not Captured,16-Apr-13,16-Apr-13,16-Apr-13,ARV,Pediatric,S. BUYS WHOLESALER,"Efavirenz 200mg, capsule, 90 Caps",Efavirenz,Generic,200mg,Capsule,90,51,1217.19,23.87,0.27,"Aurobindo Unit III, India",No,Weight Captured Separately,Freight Included in Commodity Cost,1.51
86534,104-CI-T30,FPQ-10405,SO-42980,DN-2958,Côte d'Ivoire,PMO - US,From RDC,N/A - From RDC,Truck,7/24/2012,N/A - From RDC,1-Feb-13,14-Jan-13,14-Jan-13,ARV,Adult,SCMS from RDC,"Lamivudine/Zidovudine 150/300mg, tablets, 60 Tabs",Lamivudine/Zidovudine,Generic,150/300mg,Tablet - FDC,60,25740,198712.8,7.72,0.13,Hetero Unit III Hyderabad IN,No,See DN-2958 (ID#:83097),See DN-2958 (ID#:83097),278.6
85969,151-NG-T30,FPQ-11022,SO-43852,DN-3173,Nigeria,PMO - US,From RDC,N/A - From RDC,Air Charter,11/15/2012,N/A - From RDC,4-Jun-13,10-May-13,10-May-13,ARV,Adult,SCMS from RDC,"Efavirenz 600mg, tablets, 30 Tabs",Efavirenz,Generic,600mg,Tablet,30,47091,156813.03,3.33,0.11,"Strides, Bangalore, India.",No,See DN-3173 (ID#:83687),See DN-3173 (ID#:83687),193.98
84006,114-UG-T30,FPQ-5239,SO-36151,DN-1841,Uganda,PMO - US,From RDC,N/A - From RDC,Air,3/2/2010,N/A - From RDC,9-Jun-10,25-May-10,25-May-10,ARV,Adult,SCMS from RDC,"Lamivudine/Nevirapine/Zidovudine 150/200/300mg, tablets, 60 Tabs",Lamivudine/Nevirapine/Zidovudine,Generic,150/300/200mg,Tablet - FDC,60,4782,53654.04,11.22,0.19,Mylan (formerly Matrix) Nashik,Yes,617,8676.9,115.68
16725,108-VN-T30,FPQ-9577,SCMS-145520,ASN-15795,Vietnam,PMO - US,Direct Drop,EXW,Air,4/11/2012,6/12/2012,22-Aug-12,22-Aug-12,22-Aug-12,ARV,Pediatric,Aurobindo Pharma Limited,"Efavirenz 50mg, capsule, 30 Caps",Efavirenz,Generic,50mg,Capsule,30,3000,6720.0,2.24,0.07,"Aurobindo Unit III, India",Yes,436,1238.16,9.42
86473,113-ZW-T30,FPQ-8464,SO-40870,DN-2656,Zimbabwe,PMO - US,From RDC,N/A - From RDC,Truck,10/4/2011,N/A - From RDC,12-Jun-12,25-May-12,25-May-12,ARV,Adult,SCMS from RDC,"Lamivudine/Nevirapine/Zidovudine 150/200/300mg, tablets, 60 Tabs",Lamivudine/Nevirapine/Zidovudine,Generic,150/300/200mg,Tablet - FDC,60,11574,119096.46,10.29,0.17,Mylan (formerly Matrix) Nashik,No,See DN-2656 (ID#:83032),See DN-2656 (ID#:83032),196.51
84026,117-ET-T30,FPQ-5967,SO-37100,DN-1951,Ethiopia,PMO - US,From RDC,N/A - From RDC,Air,6/28/2010,N/A - From RDC,21-Sep-10,19-Jul-10,19-Jul-10,ARV,Adult,SCMS from RDC,"Lamivudine/Nevirapine/Stavudine 150/200/30mg, tablets, 60 Tabs",Lamivudine/Nevirapine/Stavudine,Generic,150/200/30mg,Tablet - FDC,60,29315,167974.95,5.73,0.1,"Cipla, Goa, India",Yes,3931,13215.67,362.15
35717,107-RW-T30,FPQ-15650,SCMS-276390,ASN-31739,Rwanda,PMO - US,Direct Drop,FCA,Air,1/15/2015,2/23/2015,8-May-15,8-May-15,11-May-15,ARV,Pediatric,SWORDS LABORATORIES,"Atazanavir 200mg [Reyataz], capsules, 60 Caps",Atazanavir,Reyataz,200mg,Capsule,60,466,18928.92,40.62,0.68,Bristol-Myers Squibb Anagni IT,Yes,69,802.85,22.28
23957,108-VN-T30,FPQ-14516,SCMS-249050,ASN-29373,Vietnam,PMO - US,Direct Drop,EXW,Air,7/9/2014,8/11/2014,17-Dec-14,17-Dec-14,17-Dec-14,ARV,Adult,HETERO LABS LIMITED,"Efavirenz/Lamivudine/Tenofovir Disoproxil Fumarate 600/300/300mg, tablets, 30 Tabs",Efavirenz/Lamivudine/Tenofovir Disoproxil Fumarate,Generic,600/300/300mg,Tablet - FDC,30,19200,201600.0,10.5,0.35,Hetero Unit III Hyderabad IN,Yes,2877,4312.92,207.24
86425,107-RW-T30,FPQ-8716,SO-41050,DN-2438,Rwanda,PMO - US,From RDC,N/A - From RDC,Air,10/31/2011,N/A - From RDC,5-Dec-11,20-Nov-11,20-Nov-11,ARV,Pediatric,SCMS from RDC,"Abacavir 20mg/ml, oral solution w/syringe, Bottle, 240 ml",Abacavir,Generic,20mg/ml,Oral solution,240,580,7250.0,12.5,0.05,"Aurobindo Unit III, India",Yes,214,2057.2,10.16
80819,106-HT-T30,FPQ-14895,SCMS-261011,ASN-32760,Haiti,PMO - US,Direct Drop,EXW,Air,9/24/2014,11/14/2014,23-Jul-15,23-Jul-15,28-Jul-15,ARV,Adult,EMCURE PHARMACEUTICALS LTD,"Atazanavir/Ritonavir 300/100mg, tablets, 30 Tabs",Atazanavir/Ritonavir,Generic,300/100mg,Tablet,30,4846,87228.0,18.0,0.6,"Emcure Plot No.P-2, I.T-B.T. Park, Phase II, MIDC, Hinjwadi, Pune, India",Yes,Weight Captured Separately,Invoiced Separately,89.67
11252,102-KE-T01,Pre-PQ Process,SO-1390,DN-667,Kenya,PMO - US,From RDC,N/A - From RDC,Truck,Pre-PQ Process,N/A - From RDC,26-Mar-08,26-Mar-08,26-Mar-08,HRDT,HIV test,SCMS from RDC,"HIV 1/2, Uni-Gold HIV Kit, 20 Tests","HIV 1/2, Uni-Gold HIV Kit",Uni-Gold,,Test kit,20,1200,38400.0,32.0,1.6,"Trinity Biotech, Plc",No,See DN-667 (ID#:10967),See DN-667 (ID#:10967),61.44
49150,117-ET-T30,FPQ-9096,SCMS-133370,ASN-14783,Ethiopia,PMO - US,Direct Drop,EXW,Air,1/5/2012,1/23/2012,9-May-12,9-May-12,9-May-12,HRDT,HIV test,"CHEMBIO DIAGNOSTIC SYSTEMS, INC.","HIV 1/2, Stat-Pak HIV, Kit, 20 Tests","HIV 1/2, Stat-Pak HIV, Kit",Stat-Pak,,Test kit,20,44,1276.0,29.0,1.45,Chembio Diagnostics Sys. Inc.,Yes,Weight Captured Separately,Invoiced Separately,1.79
67854,108-VN-T30,FPQ-15692,SCMS-274360,ASN-32779,Vietnam,PMO - US,Direct Drop,EXW,Air,1/28/2015,2/17/2015,30-Jul-15,30-Jul-15,30-Jul-15,ARV,Adult,MYLAN LABORATORIES LTD (FORMERLY MATRIX LABORATORIES),"Lamivudine/Zidovudine 150/300mg, tablets, 60 Tabs",Lamivudine/Zidovudine,Generic,150/300mg,Tablet - FDC,60,20000,129800.0,6.49,0.11,Mylan (formerly Matrix) Nashik,Yes,1748,3868.49,152.77
11870,102-GY-T01,Pre-PQ Process,SO-1004,DN-617,Guyana,PMO - US,From RDC,N/A - From RDC,,Pre-PQ Process,N/A - From RDC,21-Feb-08,21-Feb-08,21-Feb-08,HRDT,HIV test,SCMS from RDC,"HIV 1/2, Determine HIV Kit, without Lancets, 100 Tests","HIV 1/2, Determine HIV Kit, without Lancets",Determine,,Test kit,100,152,10942.48,71.99,0.72,Inverness Japan,No,See DN-617 (ID#:11236),See DN-617 (ID#:11236),17.51
61664,102-KE-T30,FPQ-9100,SCMS-133470,ASN-13945,Kenya,PMO - US,Direct Drop,EXW,Air,1/9/2012,2/1/2012,22-Mar-12,22-Mar-12,22-Mar-12,HRDT,HIV test,"Orgenics, Ltd","HIV 1/2, Determine Complete HIV Kit, 100 Tests","HIV 1/2, Determine Complete HIV Kit",Determine,,Test kit,100,7982,710398.0,89.0,0.89,"Alere Medical Co., Ltd.",Yes,2278,31382.03,995.98
10587,119-NA-T01,Pre-PQ Process,SO-884,DN-322,Namibia,PMO - US,From RDC,N/A - From RDC,,Pre-PQ Process,N/A - From RDC,7-Sep-07,7-Sep-07,7-Sep-07,HRDT,HIV test,SCMS from RDC,"HIV 1/2, Uni-Gold HIV Kit, 20 Tests","HIV 1/2, Uni-Gold HIV Kit",Uni-Gold,,Test kit,20,300,9600.0,32.0,1.6,"Trinity Biotech, Plc",Yes,172,688.84,15.36
20697,108-VN-T30,FPQ-10286,SCMS-156130,ASN-17075,Vietnam,PMO - US,Direct Drop,EXW,Air,7/25/2012,8/14/2012,29-Nov-12,29-Nov-12,29-Nov-12,ARV,Pediatric,Aurobindo Pharma Limited,"Nevirapine 10mg/ml, oral suspension w/syringe, Bottle, 240 ml",Nevirapine,Generic,10mg/ml,Oral suspension,240,564,1099.8,1.95,0.01,"Aurobindo Unit III, India",Yes,5939,10770.55,1.54
1299,107-RW-T01,Pre-PQ Process,SCMS-268,ASN-242,Rwanda,PMO - US,Direct Drop,EXW,Air,Pre-PQ Process,12/22/2006,27-Feb-07,27-Feb-07,27-Feb-07,ARV,Adult,CIPLA LIMITED,"Efavirenz 600mg, tablets, 30 Tabs",Efavirenz,Generic,600mg,Tablet,30,71577,1087970.4,15.2,0.51,"Cipla, Goa, India",No,See ASN-242 (ID#:64),See ASN-242 (ID#:64),
84714,109-TZ-T30,FPQ-8297,SO-40610,DN-2598,Tanzania,PMO - US,From RDC,N/A - From RDC,Truck,8/22/2011,N/A - From RDC,4-May-12,11-Apr-12,11-Apr-12,ARV,Adult,SCMS from RDC,"Lamivudine/Zidovudine 150/300mg, tablets, 60 Tabs",Lamivudine/Zidovudine,Generic,150/300mg,Tablet - FDC,60,150446,1242683.96,8.26,0.14,Hetero Unit III Hyderabad IN,No,See DN-2598 (ID#:82465),See DN-2598 (ID#:82465),2050.43
77068,116-ZA-T30,FPQ-13973,SCMS-238556,ASN-31854,South Africa,PMO - US,Direct Drop,DDP,Truck,4/30/2014,4/28/2015,28-Apr-15,28-Apr-15,28-Apr-15,ARV,Adult,PHARMACY DIRECT,"Lamivudine/Zidovudine 150/300mg, tablets, 60 Tabs",Lamivudine/Zidovudine,Generic,150/300mg,Tablet - FDC,60,7,218.34,31.19,0.52,"Aurobindo Unit III, India",No,Weight Captured Separately,Freight Included in Commodity Cost,0.22
84280,114-UG-T30,FPQ-12253,SO-45540,DN-3273,Uganda,PMO - US,From RDC,N/A - From RDC,Truck,5/8/2013,N/A - From RDC,6-Aug-13,22-Aug-13,22-Aug-13,ARV,Adult,SCMS from RDC,"Lamivudine/Zidovudine 150/300mg, tablets, 60 Tabs",Lamivudine/Zidovudine,Generic,150/300mg,Tablet - FDC,60,45233,316631.0,7.0,0.12,Hetero Unit III Hyderabad IN,Yes,3984,20074.74,391.67
86212,104-CI-T30,FPQ-15259,SO-50103,DN-4326,Côte d'Ivoire,PMO - US,From RDC,N/A - From RDC,Truck,10/24/2014,N/A - From RDC,14-Aug-15,20-Aug-15,25-Aug-15,ARV,Adult,SCMS from RDC,"Efavirenz 600mg, tablets, 30 Tabs",Efavirenz,Generic,600mg,Tablet,30,9800,31262.0,3.19,0.11,"Strides, Bangalore, India.",Yes,622,4958,36.8
12797,106-HT-T01,Pre-PQ Process,SO-2042,DN-682,Haiti,PMO - US,From RDC,N/A - From RDC,Air,Pre-PQ Process,N/A - From RDC,21-Mar-08,21-Mar-08,21-Mar-08,ARV,Pediatric,SCMS from RDC,"Abacavir 20mg/ml, oral solution, Bottle, 240 ml",Abacavir,Generic,20mg/ml,Oral solution,240,128,2112.0,16.5,0.07,"Aurobindo Unit III, India",No,See DN-682 (ID#:10963),See DN-682 (ID#:10963),3.38
82976,114-UG-T30,FPQ-7162,SO-38800,DN-2329,Uganda,PMO - US,From RDC,N/A - From RDC,Truck,2/14/2011,N/A - From RDC,5-Aug-11,24-Aug-11,24-Aug-11,ARV,Adult,SCMS from RDC,"Efavirenz 600mg, tablets, 30 Tabs",Efavirenz,Generic,600mg,Tablet,30,47312,199656.64,4.22,0.14,Mylan (formerly Matrix) Nashik,Yes,20230,79938.08,329.43
62158,116-ZA-T30,FPQ-14942,SCMS-259075,ASN-32122,South Africa,PMO - US,Direct Drop,DDP,Truck,9/11/2014,5/11/2015,12-May-15,12-May-15,12-May-15,ARV,Adult,PHARMACY DIRECT,"Efavirenz 600mg, tablets, 30 Tabs",Efavirenz,Generic,600mg,Tablet,30,34,383.14,11.27,0.38,"Aurobindo Unit III, India",No,Weight Captured Separately,Freight Included in Commodity Cost,0.39
35788,101-CD-T30,FPQ-8792,SCMS-131060,ASN-13565,"Congo, DRC",PMO - US,Direct Drop,EXW,Air,12/14/2011,1/9/2012,3-Aug-12,3-Aug-12,3-Aug-12,HRDT,HIV test,"Trinity Biotech, Plc","HIV 1/2, Uni-Gold HIV Kit, 20 Tests","HIV 1/2, Uni-Gold HIV Kit",Uni-Gold,,Test kit,20,137,4384.0,32.0,1.6,"Trinity Biotech, Plc",Yes,62,1367.59,6.15
83588,102-DO-T30,FPQ-9676,SO-41870,DN-2639,Dominican Republic,PMO - US,From RDC,N/A - From RDC,Air,4/9/2012,N/A - From RDC,21-May-12,16-May-12,16-May-12,ARV,Adult,SCMS from RDC,"Abacavir 300mg, tablets, 60 Tabs",Abacavir,Generic,300mg,Tablet,60,1850,24327.5,13.15,0.22,Mylan (formerly Matrix) Nashik,Yes,630,7519.8,34.11
47979,108-VN-T30,FPQ-15823,SCMS-277350,ASN-32256,Vietnam,PMO - US,Direct Drop,FCA,Air,2/13/2015,3/4/2015,9-Jul-15,9-Jul-15,10-Jul-15,ARV,Adult,ABBVIE LOGISTICS (FORMERLY ABBOTT LOGISTICS BV),"Ritonavir 100mg [Norvir], film coated tablets, 30 Tabs",Ritonavir,Norvir,100mg,Tablet,30,300,6978.0,23.26,0.78,ABBVIE Ludwigshafen Germany,Yes,Weight Captured Separately,Invoiced Separately,8.21
41578,103-ZW-T30,FPQ-9905,SCMS-148310,ASN-17808,Zimbabwe,PMO - US,Direct Drop,FCA,Air,5/29/2012,7/18/2012,9-Feb-13,9-Feb-13,9-Feb-13,ARV,Pediatric,ABBVIE LOGISTICS (FORMERLY ABBOTT LOGISTICS BV),"Lopinavir/Ritonavir 80/20mg/ml [Kaletra], oral solution, cool, Bottle 5 x 60 ml",Lopinavir/Ritonavir,Kaletra,80/20mg/ml,Oral solution,300,1500,46230.0,30.82,0.1,ABBVIE (Abbott) Logis. UK,Yes,1374,15509.16,64.81
12581,100-GH-T01,Pre-PQ Process,SO-30710,DN-1236,Ghana,PMO - US,From RDC,N/A - From RDC,Truck,Date Not Captured,N/A - From RDC,12-Aug-09,12-Aug-09,12-Aug-09,ARV,Pediatric,SCMS from RDC,"Lopinavir/Ritonavir 80/20mg/ml [Kaletra], oral solution, cool, Bottle 5 x 60 ml",Lopinavir/Ritonavir,Kaletra,80/20mg/ml,Oral solution,300,1059,10.59,0.01,0.0,ABBVIE (Abbott) Logis. UK,Yes,Weight Captured Separately,Invoiced Separately,0.02
85383,900-SS-T30,FPQ-11637,SO-44701,DN-3259,South Sudan,PMO - US,From RDC,N/A - From RDC,Truck,2/27/2013,N/A - From RDC,26-Aug-13,26-Aug-13,26-Aug-13,ARV,Adult,SCMS from RDC,"Lamivudine/Zidovudine 150/300mg, tablets, 60 Tabs",Lamivudine/Zidovudine,Generic,150/300mg,Tablet - FDC,60,240,1744.8,7.27,0.12,Hetero Unit III Hyderabad IN,No,See DN-3259 (ID#:84838),See DN-3259 (ID#:84838),2.16
41584,110-ZM-T30,FPQ-10531,SCMS-158520,ASN-16908,Zambia,PMO - US,Direct Drop,EXW,Air,8/21/2012,9/5/2012,31-Oct-12,7-Nov-12,7-Nov-12,HRDT,HIV test,"Orgenics, Ltd","HIV 1/2, Determine Complete HIV Kit, 100 Tests","HIV 1/2, Determine Complete HIV Kit",Determine,,Test kit,100,3000,240000.0,80.0,0.8,"Alere Medical Co., Ltd.",Yes,1428,25760.94,336.48
1643,104-CI-T01,Pre-PQ Process,SCMS-18420,ASN-1469,Côte d'Ivoire,PMO - US,Direct Drop,EXW,Air,Pre-PQ Process,2/28/2008,8-Apr-08,4-Apr-08,4-Apr-08,HRDT,HIV test - Ancillary,"Orgenics, Ltd","HIV, Lancet, Safety, for HIV Test kits, 100 Pcs","HIV, Lancet, Safety, for HIV Test kits, 100 Pcs",Generic,,Test kit - Ancillary,100,70,0.7,0.01,0.0,Inverness Japan,Yes,Weight Captured Separately,Invoiced Separately,0.0
74260,114-UG-T30,FPQ-7816,SCMS-111210,ASN-13118,Uganda,PMO - US,Direct Drop,CIP,Air,6/2/2011,6/14/2011,4-Jan-12,4-Jan-12,4-Jan-12,ARV,Adult,MERCK SHARP & DOHME IDEA GMBH (FORMALLY MERCK SHARP & DOHME B.V.),"Indinavir 400mg [Crixivan], capsules, 180 Caps",Indinavir,Crixivan,400mg,Capsule,180,36,1800.0,50.0,0.28,"MSD, Haarlem, NL",Yes,9,286,2.97
46726,114-UG-T30,FPQ-8498,SCMS-126390,ASN-13435,Uganda,PMO - US,Direct Drop,DDP,Air,10/18/2011,10/31/2011,6-Jan-12,6-Jan-12,6-Jan-12,ARV,Adult,ASPEN PHARMACARE,"Etravirine 100mg [Intelence], tablets, 120 Tabs",Etravirine,Intelence,100mg,Tablet,120,83,6811.81,82.07,0.68,"Janssen-Cilag, Latina, IT",Yes,16,375,11.24
83078,107-RW-T30,FPQ-10015,SO-42480,DN-2848,Rwanda,PMO - US,From RDC,N/A - From RDC,Air,6/4/2012,N/A - From RDC,28-Sep-12,13-Sep-12,13-Sep-12,ARV,Adult,SCMS from RDC,"Nevirapine 200mg, tablets, 60 Tabs",Nevirapine,Generic,200mg,Tablet,60,69922,170609.68,2.44,0.04,"Strides, Bangalore, India.",Yes,4444,26081.05,239.19
83953,123-NG-T30,FPQ-4395,SO-32971,DN-1493,Nigeria,PMO - US,From RDC,N/A - From RDC,Air Charter,7/27/2009,N/A - From RDC,18-Dec-09,20-Nov-09,20-Nov-09,ARV,Adult,SCMS from RDC,"Stavudine 30mg, capsules, 60 Caps",Stavudine,Generic,30mg,Capsule,60,4050,5913.0,1.46,0.02,"Aurobindo Unit III, India",No,See DN-1493 (ID#:83374),See DN-1493 (ID#:83374),11.59
12198,111-MZ-T01,Pre-PQ Process,SO-1615,DN-698,Mozambique,PMO - US,From RDC,N/A - From RDC,Air,Pre-PQ Process,N/A - From RDC,23-Jun-08,23-Jun-08,23-Jun-08,ARV,Adult,SCMS from RDC,"Ritonavir 100mg [Norvir], capsules, cool, 84 Caps",Ritonavir,Norvir,100mg,Capsule,84,360,3452.4,9.59,0.11,ABBVIE (Abbott) Logis. UK,No,See DN-698 (ID#:10970),See DN-698 (ID#:10970),5.52
73818,104-CI-T30,FPQ-6037,SCMS-80630,ASN-8532,Côte d'Ivoire,PMO - US,Direct Drop,EXW,Air,7/14/2010,7/30/2010,10-Nov-10,10-Nov-10,10-Nov-10,HRDT,HIV test,"Orgenics, Ltd","HIV 1/2, Determine HIV Kit, without Lancets, 100 Tests","HIV 1/2, Determine HIV Kit, without Lancets",Determine,,Test kit,100,5408,420201.6,77.7,0.78,Inverness Japan,Yes,1229,17085.16,905.95
82436,101-CD-T30,FPQ-8840,SO-41138,DN-2500,"Congo, DRC",PMO - US,From RDC,N/A - From RDC,Air,11/21/2011,N/A - From RDC,10-Feb-12,14-Feb-12,14-Feb-12,ARV,Adult,SCMS from RDC,"Lamivudine/Nevirapine/Zidovudine 150/200/300mg, tablets, 60 Tabs",Lamivudine/Nevirapine/Zidovudine,Generic,150/300/200mg,Tablet - FDC,60,1176,12936.0,11.0,0.18,Mylan (formerly Matrix) Nashik,Yes,308,1824.72,18.14
26686,102-BW-T30,FPQ-10435,SCMS-155770,ASN-15983,Botswana,PMO - US,Direct Drop,EXW,Air,7/27/2012,8/2/2012,27-Aug-12,27-Aug-12,27-Aug-12,HRDT,HIV test,"Trinity Biotech, Plc","HIV 1/2, Uni-Gold HIV Kit, 20 Tests","HIV 1/2, Uni-Gold HIV Kit",Uni-Gold,,Test kit,20,4000,128000.0,32.0,1.6,"Trinity Biotech, Plc",Yes,1315,13179.8,179.46
10995,114-UG-T01,Pre-PQ Process,SO-17720,DN-1043,Uganda,PMO - US,From RDC,N/A - From RDC,Air,Pre-PQ Process,N/A - From RDC,4-Feb-09,4-Feb-09,4-Feb-09,ARV,Adult,SCMS from RDC,"Lamivudine/Nevirapine/Zidovudine 150/200/300mg, tablets, 60 Tabs",Lamivudine/Nevirapine/Zidovudine,Generic,150/300/200mg,Tablet - FDC,60,20000,236000.0,11.8,0.2,"Aurobindo Unit III, India",Yes,2283,13586.1,462.56
6691,108-VN-T01,Pre-PQ Process,SCMS-750,ASN-804,Vietnam,PMO - US,Direct Drop,EXW,Air,Pre-PQ Process,7/3/2007,24-Oct-07,24-Oct-07,24-Oct-07,ARV,Adult,SUN PHARMACEUTICAL INDUSTRIES LTD (RANBAXY LABORATORIES LIMITED),"Zidovudine 300mg, tablets, 60 Tabs",Zidovudine,Generic,300mg,Tablet,60,100,894.0,8.94,0.15,"Ranbaxy, Paonta Shahib, India",Yes,6,2794.34,1.43
86373,114-UG-T30,FPQ-6614,SO-37970,DN-2145,Uganda,PMO - US,From RDC,N/A - From RDC,Air,10/31/2010,N/A - From RDC,5-Apr-11,1-Apr-11,1-Apr-11,ARV,Adult,SCMS from RDC,"Nevirapine 200mg, tablets, 60 Tabs",Nevirapine,Generic,200mg,Tablet,60,972,2507.76,2.58,0.04,"Strides, Bangalore, India.",Yes,58,5596.5,4.14
72293,110-ZM-T30,FPQ-14151,SCMS-239800,ASN-27557,Zambia,PMO - US,Direct Drop,EXW,Air,4/30/2014,5/20/2014,1-Oct-14,1-Oct-14,1-Oct-14,ARV,Adult,HETERO LABS LIMITED,"Nevirapine 200mg, tablets, 60 Tabs",Nevirapine,Generic,200mg,Tablet,60,100000,218000.0,2.18,0.04,Hetero Unit III Hyderabad IN,Yes,6304,34182.97,224.1
83926,110-ZM-T30,FPQ-14575,SO-49283,DN-4331,Zambia,PMO - US,From RDC,N/A - From RDC,Truck,7/11/2014,N/A - From RDC,14-Aug-15,25-Aug-15,3-Sep-15,ARV,Adult,SCMS from RDC,"Nevirapine 200mg, tablets, 60 Tabs",Nevirapine,Generic,200mg,Tablet,60,61154,133315.72,2.18,0.04,"Cipla, Goa, India",Yes,7957,Freight Included in Commodity Cost,137.05
84167,114-UG-T30,FPQ-9321,SO-41510,DN-2643,Uganda,PMO - US,From RDC,N/A - From RDC,Truck,2/10/2012,N/A - From RDC,3-Jul-12,18-May-12,18-May-12,ARV,Adult,SCMS from RDC,"Lamivudine/Zidovudine 150/300mg, tablets, 60 Tabs",Lamivudine/Zidovudine,Generic,150/300mg,Tablet - FDC,60,2000,15560.0,7.78,0.13,Hetero Unit III Hyderabad IN,No,See DN-2643 (ID#:82471),See DN-2643 (ID#:82471),21.82
83009,111-MZ-T30,FPQ-8157,SO-40360,DN-2518,Mozambique,PMO - US,From RDC,N/A - From RDC,Truck,8/4/2011,N/A - From RDC,30-Mar-12,8-Mar-12,8-Mar-12,ARV,Adult,SCMS from RDC,"Lamivudine/Nevirapine/Zidovudine 150/200/300mg, tablets, 60 Tabs",Lamivudine/Nevirapine/Zidovudine,Generic,150/300/200mg,Tablet - FDC,60,15600,175032.0,11.22,0.19,Mylan (formerly Matrix) Nashik,Yes,27345,20994.62,288.8
11556,110-ZM-T01,Pre-PQ Process,SO-2549,DN-823,Zambia,PMO - US,From RDC,N/A - From RDC,Truck,Pre-PQ Process,N/A - From RDC,23-Jul-08,23-Jul-08,23-Jul-08,ARV,Adult,SCMS from RDC,"Lamivudine/Nevirapine/Stavudine 150/200/30mg, tablets, 60 Tabs",Lamivudine/Nevirapine/Stavudine,Generic,150/200/30mg,Tablet - FDC,60,60000,432000.0,7.2,0.12,"Strides, Bangalore, India.",No,See DN-823 (ID#:11271),See DN-823 (ID#:11271),691.2
58202,108-VN-T30,FPQ-15040,SCMS-263630,ASN-31647,Vietnam,PMO - US,Direct Drop,EXW,Air,10/30/2014,12/8/2014,1-Jun-15,1-Jun-15,1-Jun-15,ARV,Adult,MYLAN LABORATORIES LTD (FORMERLY MATRIX LABORATORIES),"Efavirenz/Lamivudine/Tenofovir Disoproxil Fumarate 600/300/300mg, tablets, 30 Tabs",Efavirenz/Lamivudine/Tenofovir Disoproxil Fumarate,Generic,600/300/300mg,Tablet - FDC,30,21384,217047.6,10.15,0.34,Mylan (formerly Matrix) Nashik,Yes,2406,4872.65,223.12
86076,111-MZ-T30,FPQ-13166,SO-47600,DN-3650,Mozambique,PMO - US,From RDC,N/A - From RDC,Truck,10/21/2013,N/A - From RDC,8-Jul-14,18-Jul-14,7-Aug-14,ARV,Adult,SCMS from RDC,"Lamivudine 150mg, tablets, 60 Tabs",Lamivudine,Generic,150mg,Tablet,60,648,1127.52,1.74,0.03,"Micro labs, Verna, Goa, India",Yes,39,30.49,1.16
5677,116-ZA-T01,Pre-PQ Process,SCMS-19800,ASN-1665,South Africa,PMO - US,Direct Drop,DDP,Truck,Pre-PQ Process,2/20/2008,24-Apr-08,24-Apr-08,24-Apr-08,ARV,Adult,S. BUYS WHOLESALER,"Stavudine 20mg [Zerit], capsules, 60 Caps",Stavudine,Zerit,20mg,Capsule,60,200,978.0,4.89,0.08,"BMS Meymac, France",No,Weight Captured Separately,Freight Included in Commodity Cost,1.56
86678,111-MZ-T30,FPQ-13123,SO-47085,DN-3652,Mozambique,PMO - US,From RDC,N/A - From RDC,Truck,10/21/2013,N/A - From RDC,16-Jun-14,23-May-14,13-Jun-14,ARV,Adult,SCMS from RDC,"Lamivudine/Nevirapine/Zidovudine 150/200/300mg, tablets, 60 Tabs",Lamivudine/Nevirapine/Zidovudine,Generic,150/300/200mg,Tablet - FDC,60,173309,1405535.99,8.11,0.14,"Cipla, Goa, India",No,See DN-3652 (ID#:85463),See DN-3652 (ID#:85463),1444.89
63111,102-ML-T30,FPQ-13391,SCMS-221930,ASN-24507,Mali,PMO - US,Direct Drop,EXW,Air,12/16/2013,1/22/2014,19-Mar-14,19-Mar-14,24-Mar-14,HRDT,HIV test - Ancillary,"Orgenics, Ltd","HIV, Lancet, Safety, for HIV Test kits, 100 Pcs","HIV, Lancet, Safety, for HIV Test kits, 100 Pcs",Generic,,Test kit - Ancillary,100,153,765.0,5.0,0.05,"Alere Medical Co., Ltd.",No,See ASN-24507 (ID#:53327),See ASN-24507 (ID#:53327),0.79
86140,104-CI-T30,FPQ-13628,SO-47911,DN-3965,Côte d'Ivoire,PMO - US,From RDC,N/A - From RDC,Truck,1/29/2014,N/A - From RDC,31-Oct-14,17-Oct-14,7-Nov-14,ARV,Adult,SCMS from RDC,"Lopinavir/Ritonavir 200/50mg, tablets, 120 Tabs",Lopinavir/Ritonavir,Generic,200/50mg,Tablet,120,21497,422631.02,19.66,0.16,Mylan (formerly Matrix) Nashik,Yes,21,22007.39,434.46
1644,104-CI-T01,Pre-PQ Process,SCMS-18450,ASN-1934,Côte d'Ivoire,PMO - US,Direct Drop,EXW,Air,Pre-PQ Process,2/28/2008,22-Jul-08,22-Jul-08,22-Jul-08,HRDT,HIV test,"Orgenics, Ltd","HIV 1/2, Determine HIV Kit, without Lancets, 100 Tests","HIV 1/2, Determine HIV Kit, without Lancets",Determine,,Test kit,100,1116,78120.0,70.0,0.7,Inverness Japan,Yes,255,5175.72,124.99
19244,101-CD-T30,FPQ-14654,SCMS-253260,ASN-28279,"Congo, DRC",PMO - US,Direct Drop,EXW,Air,8/11/2014,8/27/2014,4-Nov-14,4-Nov-14,20-Nov-14,HRDT,HIV test,"Trinity Biotech, Plc","HIV 1/2, Uni-Gold HIV Kit, 20 Tests","HIV 1/2, Uni-Gold HIV Kit",Uni-Gold,,Test kit,20,9,288.0,32.0,1.6,"Trinity Biotech, Plc",No,See ASN-28279 (ID#:13547),See ASN-28279 (ID#:13547),0.3
29677,108-VN-T30,FPQ-9577,SCMS-145510,ASN-16021,Vietnam,PMO - US,Direct Drop,FCA,Air,4/11/2012,6/15/2012,29-Nov-12,29-Nov-12,29-Nov-12,ARV,Pediatric,ABBVIE LOGISTICS (FORMERLY ABBOTT LOGISTICS BV),"Lopinavir/Ritonavir 80/20mg/ml [Kaletra], oral solution, cool, Bottle 5 x 60 ml",Lopinavir/Ritonavir,Kaletra,80/20mg/ml,Oral solution,300,300,18246.0,60.82,0.2,ABBVIE (Abbott) Logis. UK,Yes,275,1015.98,25.58
3737,116-ZA-T01,Pre-PQ Process,SCMS-40790,ASN-3575,South Africa,PMO - US,Direct Drop,DDP,Air,Pre-PQ Process,Date Not Captured,24-Mar-09,1-Dec-08,1-Dec-08,ARV,Pediatric,S. BUYS WHOLESALER,"Efavirenz 200mg, capsule, 90 Caps",Efavirenz,Generic,200mg,Capsule,90,824,15515.92,18.83,0.21,"Aurobindo Unit III, India",No,Weight Captured Separately,Freight Included in Commodity Cost,30.41
86484,111-MZ-T30,FPQ-9506,SO-41790,DN-2705,Mozambique,PMO - US,From RDC,N/A - From RDC,Truck,3/16/2012,N/A - From RDC,21-Aug-12,22-Aug-12,22-Aug-12,ARV,Pediatric,SCMS from RDC,"Nevirapine 10mg/ml, oral suspension w/syringe, Bottle, 240 ml",Nevirapine,Generic,10mg/ml,Oral suspension,240,24496,47767.2,1.95,0.01,"Aurobindo Unit III, India",Yes,9080,6483.81,66.97
85376,113-ZW-T30,FPQ-11545,SO-44340,DN-3231,Zimbabwe,PMO - US,From RDC,N/A - From RDC,Truck,1/24/2013,N/A - From RDC,31-Jul-13,6-Aug-13,6-Aug-13,ARV,Adult,SCMS from RDC,"Nevirapine 200mg, tablets, 60 Tabs",Nevirapine,Generic,200mg,Tablet,60,10227,23113.02,2.26,0.04,Hetero Unit III Hyderabad IN,No,See DN-3231 (ID#:84831),See DN-3231 (ID#:84831),28.59
85361,151-NG-T30,FPQ-11022,SO-43845,DN-3140,Nigeria,PMO - US,From RDC,N/A - From RDC,Air Charter,11/15/2012,N/A - From RDC,21-May-13,2-May-13,2-May-13,ARV,Pediatric,SCMS from RDC,"Lamivudine/Zidovudine 30/60mg, tablets, 60 Tabs",Lamivudine/Zidovudine,Generic,30/60mg,Tablet - FDC,60,9627,21757.02,2.26,0.04,"Aurobindo Unit III, India",Yes,486,14547.55,26.91
84970,111-MZ-T30,FPQ-13575,SO-47704,DN-3874,Mozambique,PMO - US,From RDC,N/A - From RDC,Truck,1/17/2014,N/A - From RDC,31-Aug-14,27-Oct-14,7-Nov-14,ARV,Adult,SCMS from RDC,"Lamivudine/Nevirapine/Zidovudine 150/200/300mg, tablets, 60 Tabs",Lamivudine/Nevirapine/Zidovudine,Generic,150/300/200mg,Tablet - FDC,60,74930,607682.3,8.11,0.14,Mylan (formerly Matrix) Nashik,Yes,9100,6507.33,624.7
51895,109-TZ-T30,FPQ-13945,SCMS-235420,ASN-26517,Tanzania,PMO - US,Direct Drop,EXW,Air,3/27/2014,4/29/2014,29-Aug-14,29-Aug-14,3-Sep-14,HRDT,HIV test,"Orgenics, Ltd","HIV 1/2, Determine Complete HIV Kit, 100 Tests","HIV 1/2, Determine Complete HIV Kit",Determine,,Test kit,100,672,53760.0,80.0,0.8,"Alere Medical Co., Ltd.",Yes,277,4379.48,55.27
70138,116-ZA-T30,FPQ-13973,SCMS-238553,ASN-28021,South Africa,PMO - US,Direct Drop,DDP,Truck,4/30/2014,8/28/2014,28-Aug-14,28-Aug-14,28-Aug-14,ARV,Adult,PHARMACY DIRECT,"Efavirenz 600mg, tablets, 30 Tabs",Efavirenz,Generic,600mg,Tablet,30,120,1871.52,15.6,0.52,"Aurobindo Unit III, India",No,Weight Captured Separately,Freight Included in Commodity Cost,1.92
85942,114-UG-T30,FPQ-11143,SO-43940,DN-3034,Uganda,PMO - US,From RDC,N/A - From RDC,Air,12/13/2012,N/A - From RDC,29-Mar-13,1-Mar-13,1-Mar-13,ARV,Pediatric,SCMS from RDC,"Efavirenz 200mg, scored tablets, 90 Tabs",Efavirenz,Generic,200mg,Tablet,90,257,1876.1,7.3,0.08,"Strides, Bangalore, India.",No,See DN-3034 (ID#:84791),See DN-3034 (ID#:84791),2.32
11812,104-CI-T01,Pre-PQ Process,SO-1101,DN-434,Côte d'Ivoire,PMO - US,From RDC,N/A - From RDC,Air,Pre-PQ Process,N/A - From RDC,22-Nov-07,22-Nov-07,22-Nov-07,ARV,Pediatric,SCMS from RDC,"Lamivudine 10mg/ml, oral solution, Bottle, 240 ml",Lamivudine,Generic,10mg/ml,Oral solution,240,6000,11820.0,1.97,0.01,"Aurobindo Unit III, India",No,See DN-434 (ID#:11483),See DN-434 (ID#:11483),18.91
15195,105-GY-T30,FPQ-6329,SCMS-87910,ASN-9578,Guyana,PMO - US,Direct Drop,DDU,Air,9/28/2010,10/1/2010,4-Mar-11,4-Mar-11,4-Mar-11,ARV,Pediatric,IDIS LIMITED,"Didanosine 25mg [Videx], chewable tablets, 60 Tabs",Didanosine,Videx,25mg,Chewable/dispersible tablet,60,270,12501.0,46.3,0.77,"BMS Meymac, France",Yes,59,180,26.95
1156,107-RW-T01,Pre-PQ Process,SCMS-43890,ASN-4503,Rwanda,PMO - US,Direct Drop,CIP,Air,Pre-PQ Process,4/15/2009,25-Jul-09,25-Jul-09,25-Jul-09,ARV,Adult,HETERO LABS LIMITED,"Efavirenz 600mg, tablets, 30 Tabs",Efavirenz,Generic,600mg,Tablet,30,55356,386384.88,6.98,0.23,Hetero Unit III Hyderabad IN,Yes,4482,37404.74,757.31
10563,110-ZM-T01,Pre-PQ Process,SO-624,DN-203,Zambia,PMO - US,From RDC,N/A - From RDC,,Pre-PQ Process,N/A - From RDC,27-Jul-07,27-Jul-07,27-Jul-07,ARV,Adult,SCMS from RDC,"Lopinavir/Ritonavir 200/50mg [Aluvia], tablets, 120 Tabs",Lopinavir/Ritonavir,Aluvia,200/50mg,Tablet,120,5019,206280.9,41.1,0.34,ABBVIE Ludwigshafen Germany,Yes,1092,4761.51,330.05
86110,107-RW-T30,FPQ-13812,SO-48161,DN-3787,Rwanda,PMO - US,From RDC,N/A - From RDC,Truck,3/4/2014,N/A - From RDC,19-Aug-14,13-Aug-14,14-Aug-14,ARV,Adult,SCMS from RDC,"Nevirapine 200mg, tablets, 60 Tabs",Nevirapine,Generic,200mg,Tablet,60,88809,200708.34,2.26,0.04,Hetero Unit III Hyderabad IN,No,See DN-3787 (ID#:83818),See DN-3787 (ID#:83818),206.33
17228,108-VN-T30,FPQ-4265,SCMS-56300,ASN-6250,Vietnam,PMO - US,Direct Drop,EXW,Air,10/20/2009,11/3/2009,20-Mar-10,20-Mar-10,20-Mar-10,ARV,Adult,MYLAN LABORATORIES LTD (FORMERLY MATRIX LABORATORIES),"Zidovudine 300mg, tablets, 60 Tabs",Zidovudine,Generic,300mg,Tablet,60,336,2520.0,7.5,0.12,Mylan (formerly Matrix) Nashik,Yes,120,9013.85,4.94
4432,106-HT-T01,Pre-PQ Process,SCMS-22780,ASN-1680,Haiti,PMO - US,Direct Drop,DDP,Air,Pre-PQ Process,4/28/2008,18-Apr-08,3-Jan-08,3-Jan-08,HRDT,HIV test,REINBOLD EXPORT IMPORT,"HIV 1/2, Determine Complete HIV Kit, 100 Tests","HIV 1/2, Determine Complete HIV Kit",Determine,,Test kit,100,30,2550.0,85.0,0.85,Inverness Japan,Yes,Weight Captured Separately,Freight Included in Commodity Cost,4.08
84550,110-ZM-T30,FPQ-4273,SO-33720,DN-1775,Zambia,PMO - US,From RDC,N/A - From RDC,Truck,9/17/2009,N/A - From RDC,30-Apr-10,16-Apr-10,16-Apr-10,ARV,Adult,SCMS from RDC,"Abacavir 300mg, tablets, 60 Tabs",Abacavir,Generic,300mg,Tablet,60,2600,54574.0,20.99,0.35,Mylan (formerly Matrix) Nashik,Yes,8819,8022.59,106.97
84092,107-RW-T30,FPQ-7692,SO-39560,DN-2227,Rwanda,PMO - US,From RDC,N/A - From RDC,Air Charter,5/4/2011,N/A - From RDC,14-Aug-11,25-May-11,25-May-11,ARV,Pediatric,SCMS from RDC,"Lamivudine 10mg/ml, oral solution w/syringe, Bottle, 240 ml",Lamivudine,Generic,10mg/ml,Oral solution,240,1800,3330.0,1.85,0.01,"Aurobindo Unit III, India",Yes,718,4370.8,5.49
84679,151-NG-T30,FPQ-8364,SO-40726,DN-2403,Nigeria,PMO - US,From RDC,N/A - From RDC,Air Charter,8/29/2011,N/A - From RDC,16-Mar-12,13-Oct-11,13-Oct-11,ARV,Adult,SCMS from RDC,"Lamivudine/Tenofovir Disoproxil Fumarate 300/300mg, tablets, 30 Tabs",Lamivudine/Tenofovir Disoproxil Fumarate,Generic,300/300mg,Tablet - FDC,30,18354,151053.42,8.23,0.27,Mylan (formerly Matrix) Nashik,Yes,1794,21326.7,249.24
86074,111-MZ-T30,FPQ-13124,SO-47052,DN-3645,Mozambique,PMO - US,From RDC,N/A - From RDC,Truck,10/21/2013,N/A - From RDC,30-Jun-14,26-May-14,11-Jun-14,ARV,Adult,SCMS from RDC,"Tenofovir Disoproxil Fumarate 300mg, tablets, 30 Tabs",Tenofovir Disoproxil Fumarate,Generic,300mg,Tablet,30,560,2116.8,3.78,0.13,Hetero Unit III Hyderabad IN,Yes,40,4100,2.18
10774,110-ZM-T01,Pre-PQ Process,SO-30300,DN-1250,Zambia,PMO - US,From RDC,N/A - From RDC,Truck,Pre-PQ Process,N/A - From RDC,15-Jun-09,15-Jun-09,15-Jun-09,ARV,Adult,SCMS from RDC,"Zidovudine 300mg, tablets, 60 Tabs",Zidovudine,Generic,300mg,Tablet,60,500,3855.0,7.71,0.13,"Aurobindo Unit III, India",Yes,10681,17384.76,7.56
12973,106-HT-T30,FPQ-9066,SCMS-138620,ASN-14950,Haiti,PMO - US,Direct Drop,EXW,Air,1/6/2012,2/24/2012,12-Jun-12,12-Jun-12,12-Jun-12,ARV,Pediatric,CIPLA LIMITED,"Lamivudine/Nevirapine/Stavudine 30/50/6mg, dispersible tablets, 60 Tabs",Lamivudine/Nevirapine/Stavudine,Generic,30/50/6mg,Chewable/dispersible tablet - FDC,60,298,685.4,2.3,0.04,"Cipla, Goa, India",Yes,21,304.62,0.96
71712,106-HT-T30,FPQ-15102,SCMS-260780,ASN-31453,Haiti,PMO - US,Direct Drop,EXW,Air,10/10/2014,11/5/2014,5-May-15,22-Apr-15,23-Apr-15,HRDT,HIV test,"Orgenics, Ltd","HIV 1/2, Determine Complete HIV Kit, 100 Tests","HIV 1/2, Determine Complete HIV Kit",Determine,,Test kit,100,5698,569800.0,100.0,1.0,"Alere Medical Co., Ltd.",Yes,2314,22194.09,670.65
84570,114-UG-T30,FPQ-5451,SO-36832,DN-1860,Uganda,PMO - US,From RDC,N/A - From RDC,Air,5/7/2010,N/A - From RDC,30-Jun-10,22-Jun-10,22-Jun-10,ARV,Adult,SCMS from RDC,"Efavirenz 600mg, tablets, 30 Tabs",Efavirenz,Generic,600mg,Tablet,30,17550,83362.5,4.75,0.16,Mylan (formerly Matrix) Nashik,Yes,1325,4600.45,179.73
9916,123-NG-T01,Pre-PQ Process,SCMS-28390,ASN-2367,Nigeria,PMO - US,Direct Drop,EXW,Air,Pre-PQ Process,8/15/2008,23-Oct-08,23-Oct-08,23-Oct-08,ACT,ACT,IDA FOUNDATION,"Artemether/Lumefantrine 20/120mg [Coartem], scored tablets, Blister 30 x 18 Tabs",Artemether/Lumefantrine,Coartem,20/120mg,Tablet - FDC + blister,540,25,875.0,35.0,0.06,"Novartis Pharma AG, Switzerland",Yes,86,1528.06,1.4
81767,108-VN-T30,FPQ-10266,SCMS-153070,ASN-16382,Vietnam,PMO - US,Direct Drop,EXW,Air,7/11/2012,7/12/2012,9-Oct-12,9-Oct-12,9-Oct-12,ARV,Adult,HETERO LABS LIMITED,"Lamivudine 150mg, tablets, 60 Tabs",Lamivudine,Generic,150mg,Tablet,60,37366,78468.6,2.1,0.04,Hetero Unit III Hyderabad IN,Yes,2162,3324.85,110.01
1594,102-NG-T01,Pre-PQ Process,SCMS-16890,ASN-2014,Nigeria,PMO - US,Direct Drop,EXW,Air,Pre-PQ Process,1/29/2008,19-Sep-08,16-Jul-08,16-Jul-08,HRDT,HIV test,"CHEMBIO DIAGNOSTIC SYSTEMS, INC.","HIV 1/2, Stat-Pak HIV, Kit, 20 Tests","HIV 1/2, Stat-Pak HIV, Kit",Stat-Pak,,Test kit,20,10270,277290.0,27.0,1.35,Chembio Diagnostics Sys. Inc.,Yes,2907,18864.37,443.66
86487,151-NG-T30,FPQ-9432,SO-42336,DN-2710,Nigeria,PMO - US,From RDC,N/A - From RDC,Air Charter,3/1/2012,N/A - From RDC,2-Aug-12,3-Jun-12,3-Jun-12,ARV,Adult,SCMS from RDC,"Lamivudine/Tenofovir Disoproxil Fumarate 300/300mg, tablets, 30 Tabs",Lamivudine/Tenofovir Disoproxil Fumarate,Generic,300/300mg,Tablet - FDC,30,75000,415500.0,5.54,0.18,"Aurobindo Unit VII, IN",No,See DN-2710 (ID#:85273),See DN-2710 (ID#:85273),582.53
12264,151-NG-T01,Pre-PQ Process,SO-21783,DN-1131,Nigeria,PMO - US,From RDC,N/A - From RDC,Air,Pre-PQ Process,N/A - From RDC,24-Mar-09,24-Mar-09,24-Mar-09,ARV,Adult,SCMS from RDC,"Emtricitabine/Tenofovir Disoproxil Fumarate 200/300mg [Truvada], tablets, 30 Tabs",Emtricitabine/Tenofovir Disoproxil Fumarate,Truvada,300/200mg,Tablet - FDC,30,662,17377.5,26.25,0.88,"Aspen-OSD, Port Elizabeth, SA",Yes,62,6443.61,34.06
65363,117-ET-T30,FPQ-5582,SCMS-72390,ASN-9567,Ethiopia,PMO - US,Direct Drop,EXW,Air,4/28/2010,4/29/2010,14-Feb-11,14-Feb-11,14-Feb-11,ARV,Adult,Aurobindo Pharma Limited,"Didanosine 400mg, delayed-release capsules, 30 Caps",Didanosine,Generic,400mg,Delayed-release capsules,30,750,15000.0,20.0,0.67,"Aurobindo Unit III, India",No,See ASN-9567 (ID#:15946),See ASN-9567 (ID#:15946),32.34
63757,111-MZ-T30,FPQ-9530,SCMS-143810,ASN-15749,Mozambique,PMO - US,Direct Drop,EXW,Air,3/29/2012,4/24/2012,4-Sep-12,4-Sep-12,4-Sep-12,HRDT,HIV test,"Orgenics, Ltd","HIV 1/2, Determine Complete HIV Kit, 100 Tests","HIV 1/2, Determine Complete HIV Kit",Determine,,Test kit,100,6000,480000.0,80.0,0.8,"Alere Medical Co., Ltd.",Yes,2862,52239.49,672.96
46858,111-MZ-T30,FPQ-10369,SCMS-157230,ASN-16634,Mozambique,PMO - US,Direct Drop,EXW,Air,7/23/2012,8/22/2012,18-Oct-12,18-Oct-12,18-Oct-12,HRDT,HIV test - Ancillary,"Orgenics, Ltd","Chase Buffer, Determine, 100 Tests, 2.5ml x 1 Vial","Chase Buffer, Determine, 100 Tests, 2.5ml x 1 Vial",Determine,,Test kit - Ancillary,1,215,1075.0,5.0,5.0,"Alere Medical Co., Ltd.",Yes,41,1001.02,1.51
11626,107-RW-T01,Pre-PQ Process,SO-17230,DN-961,Rwanda,PMO - US,From RDC,N/A - From RDC,Truck,Pre-PQ Process,N/A - From RDC,28-Oct-08,28-Oct-08,28-Oct-08,ARV,Adult,SCMS from RDC,"Nevirapine 200mg, tablets, 60 Tabs",Nevirapine,Generic,200mg,Tablet,60,288,921.6,3.2,0.05,"Aurobindo Unit III, India",Yes,28,896.26,1.81
86530,114-UG-T30,FPQ-10786,SO-43530,DN-2925,Uganda,PMO - US,From RDC,N/A - From RDC,Air,10/10/2012,N/A - From RDC,7-Dec-12,28-Nov-12,28-Nov-12,ARV,Adult,SCMS from RDC,"Lopinavir/Ritonavir 200/50mg, tablets, 120 Tabs",Lopinavir/Ritonavir,Generic,200/50mg,Tablet,120,8335,222544.5,26.7,0.22,"Aurobindo Unit III, India",Yes,2034,10977.65,275.29
86459,102-BI-T30,FPQ-9229,SO-41530,DN-2594,Burundi,PMO - US,From RDC,N/A - From RDC,Air,1/25/2012,N/A - From RDC,26-Apr-12,4-May-12,4-May-12,ARV,Adult,SCMS from RDC,"Lamivudine/Zidovudine 150/300mg, tablets, 60 Tabs",Lamivudine/Zidovudine,Generic,150/300mg,Tablet - FDC,60,25240,201920.0,8.0,0.13,Hetero Unit III Hyderabad IN,No,See DN-2594 (ID#:83021),See DN-2594 (ID#:83021),283.09
48706,107-RW-T30,FPQ-6341,SCMS-84950,ASN-9368,Rwanda,PMO - US,Direct Drop,EXW,Ocean,9/3/2010,9/28/2010,1-Mar-11,1-Mar-11,1-Mar-11,ARV,Adult,HETERO LABS LIMITED,"Efavirenz 600mg, tablets, 30 Tabs",Efavirenz,Generic,600mg,Tablet,30,38113,157406.69,4.13,0.14,Hetero Unit III Hyderabad IN,Yes,3077,6499.25,339.37
82389,113-ZW-T30,FPQ-6470,SO-37841,DN-2282,Zimbabwe,PMO - US,From RDC,N/A - From RDC,Truck,10/13/2010,N/A - From RDC,15-Aug-11,11-Aug-11,11-Aug-11,ARV,Adult,SCMS from RDC,"Lamivudine/Nevirapine/Stavudine 150/200/30mg, tablets, 60 Tabs",Lamivudine/Nevirapine/Stavudine,Generic,150/200/30mg,Tablet - FDC,60,51722,278264.36,5.38,0.09,"Cipla, Goa, India",Yes,9134,16064.09,599.94
83113,151-NG-T30,FPQ-10477,SO-44550,DN-3028,Nigeria,PMO - US,From RDC,N/A - From RDC,Air Charter,8/9/2012,N/A - From RDC,15-Mar-13,21-Feb-13,21-Feb-13,ARV,Adult,SCMS from RDC,"Nevirapine 200mg, tablets, 60 Tabs",Nevirapine,Generic,200mg,Tablet,60,99999,225997.74,2.26,0.04,"Aurobindo Unit VII, IN",No,See DN-3028 (ID#:82548),See DN-3028 (ID#:82548),316.85
8605,108-VN-T01,Pre-PQ Process,SCMS-27320,ASN-2792,Vietnam,PMO - US,Direct Drop,EXW,Air,Pre-PQ Process,7/24/2008,21-Nov-08,21-Nov-08,21-Nov-08,ARV,Adult,Aurobindo Pharma Limited,"Lamivudine/Nevirapine/Zidovudine 150/200/300mg, tablets, 60 Tabs",Lamivudine/Nevirapine/Zidovudine,Generic,150/300/200mg,Tablet - FDC,60,2200,25080.0,11.4,0.19,"Aurobindo Unit III, India",No,See ASN-2792 (ID#:5936),See ASN-2792 (ID#:5936),49.16
134,100-HT-T01,Pre-PQ Process,SCMS-10130,ASN-616,Haiti,PMO - US,Direct Drop,EXW,Air,Pre-PQ Process,7/26/2007,25-Aug-07,25-Aug-07,25-Aug-07,HRDT,HIV test,Orasure Technologies Inc.,"HIV 1/2, OraQuick Advance HIV Rapid Antibody Kit, 100 Tests","HIV 1/2, OraQuick Advance HIV Rapid Antibody Kit",OraQuick,,Test kit,100,25,8750.0,350.0,3.5,"Pacific Biotech, Thailand",Yes,60,3097.85,14.0
73056,111-MZ-T30,FPQ-14054,SCMS-240820,ASN-27372,Mozambique,PMO - US,Direct Drop,EXW,Air,4/10/2014,5/29/2014,1-Oct-14,1-Oct-14,1-Oct-14,HRDT,HIV test,BIO-RAD LABORATORIES (FRANCE),"HIV, Multispot HIV-1/HIV-2 Rapid Test Kit, 50 Tests","HIV, Multispot HIV-1/HIV-2 Rapid Test Kit",Multispot,,Test kit,50,80,99402.4,1242.53,24.85,Bio-Rad Laboratories,Yes,111,1368.78,102.19
11088,100-CI-T01,Pre-PQ Process,SO-283,DN-26,Côte d'Ivoire,PMO - US,From RDC,N/A - From RDC,,Pre-PQ Process,N/A - From RDC,22-Feb-07,8-Mar-07,8-Mar-07,ARV,Adult,SCMS from RDC,"Efavirenz 600mg, tablets, 30 Tabs",Efavirenz,Generic,600mg,Tablet,30,3024,49140.0,16.25,0.54,"Aurobindo Unit III, India",Yes,275,1448,
64377,108-VN-T30,FPQ-15087,SCMS-261460,ASN-30940,Vietnam,PMO - US,Direct Drop,EXW,Air,10/24/2014,10/30/2014,31-Mar-15,31-Mar-15,31-Mar-15,ARV,Adult,HETERO LABS LIMITED,"Nevirapine 200mg, tablets, 60 Tabs",Nevirapine,Generic,200mg,Tablet,60,7700,16632.0,2.16,0.04,Hetero Unit III Hyderabad IN,No,See ASN-30940 (ID#:51233),See ASN-30940 (ID#:51233),19.58
82959,106-HT-T30,FPQ-6801,SO-39910,DN-2263,Haiti,PMO - US,From RDC,N/A - From RDC,Air,12/14/2010,N/A - From RDC,19-Jul-11,28-Jun-11,28-Jun-11,ARV,Pediatric,SCMS from RDC,"Efavirenz 50mg, capsule, 30 Caps",Efavirenz,Generic,50mg,Capsule,30,1428,3198.72,2.24,0.07,"Aurobindo Unit III, India",Yes,1055,11490.2,5.28
11317,114-UG-T01,Pre-PQ Process,SO-26140,DN-1222,Uganda,PMO - US,From RDC,N/A - From RDC,Air,Pre-PQ Process,N/A - From RDC,24-Jun-09,24-Jun-09,24-Jun-09,ARV,Adult,SCMS from RDC,"Efavirenz 600mg, tablets, 30 Tabs",Efavirenz,Generic,600mg,Tablet,30,867,8427.24,9.72,0.32,Mylan (formerly Matrix) Nashik,Yes,76,1954.23,16.52
5979,116-ZA-T01,Pre-PQ Process,SCMS-28830,ASN-2503,South Africa,PMO - US,Direct Drop,DDP,Truck,Pre-PQ Process,Date Not Captured,25-Aug-08,14-Aug-08,14-Aug-08,ARV,Adult,S. BUYS WHOLESALER,"Didanosine EC 250mg [Videx EC], delayed-release capsules, Blister 3 x 10 Caps",Didanosine EC,Videx EC,250mg,Delayed-release capsules - blister,30,100,1828.0,18.28,0.61,"BMS Meymac, France",No,Weight Captured Separately,Freight Included in Commodity Cost,2.92
22275,161-ZA-T30,FPQ-5648,SCMS-75940,ASN-8443,South Africa,PMO - US,Direct Drop,DDP,Ocean,6/2/2010,6/17/2010,17-Nov-10,17-Nov-10,17-Nov-10,ARV,Adult,STRIDES ARCOLAB LIMITED,"Nevirapine 200mg, tablets, 60 Tabs",Nevirapine,Generic,200mg,Tablet,60,100000,282000.0,2.82,0.05,"Strides, Bangalore, India.",Yes,6297,7526.14,607.99
51233,108-VN-T30,FPQ-15087,SCMS-261460,ASN-30940,Vietnam,PMO - US,Direct Drop,EXW,Air,10/24/2014,10/30/2014,31-Mar-15,31-Mar-15,31-Mar-15,ARV,Adult,HETERO LABS LIMITED,"Lamivudine 150mg, tablets, 60 Tabs",Lamivudine,Generic,150mg,Tablet,60,9400,16920.0,1.8,0.03,Hetero Unit III Hyderabad IN,Yes,1030,1593.67,19.91
835,116-ZA-T01,Pre-PQ Process,SCMS-33320,ASN-3553,South Africa,PMO - US,Direct Drop,DDP,Truck,Pre-PQ Process,Date Not Captured,17-May-09,9-Oct-08,9-Oct-08,ARV,Adult,S. BUYS WHOLESALER,"Tenofovir Disoproxil Fumarate 300mg [Viread], tablets, 30 Tabs",Tenofovir Disoproxil Fumarate,Viread,300mg,Tablet,30,80,1830.4,22.88,0.76,"Aspen-OSD, Port Elizabeth, SA",Yes,Weight Captured Separately,Freight Included in Commodity Cost,3.59
86809,114-UG-T30,FPQ-15294,SO-50070,DN-4259,Uganda,PMO - US,From RDC,N/A - From RDC,Truck,11/3/2014,N/A - From RDC,30-Jun-15,4-Jun-15,15-Jun-15,ARV,Pediatric,SCMS from RDC,"Lamivudine/Nevirapine/Zidovudine 30/50/60mg, dispersible tablets, 60 Tabs",Lamivudine/Nevirapine/Zidovudine,Generic,30/50/60mg,Chewable/dispersible tablet - FDC,60,29287,105433.2,3.6,0.06,"Strides, Bangalore, India.",No,See DN-4259 (ID#:86808),See DN-4259 (ID#:86808),124.09
75912,100-DO-T30,FPQ-6126,SCMS-83590,ASN-8621,Dominican Republic,PMO - US,Direct Drop,EXW,Truck,8/19/2010,9/2/2010,22-Oct-10,22-Oct-10,22-Oct-10,ARV,Adult,"ABBVIE, SRL (FORMALLY ABBOTT LABORATORIES INTERNATIONAL CO.)","Ritonavir 100mg [Norvir], capsules, cool, 2 x 84 Caps",Ritonavir,Norvir,100mg,Capsule,168,2,288.0,144.0,0.86,ABBVIE (Abbott) St. P'burg USA,Yes,Weight Captured Separately,Invoiced Separately,0.62
84992,101-CD-T30,FPQ-14576,SO-49290,DN-3975,"Congo, DRC",PMO - US,From RDC,N/A - From RDC,Air,7/14/2014,N/A - From RDC,30-Jan-15,18-Feb-15,23-Feb-15,ARV,Pediatric,SCMS from RDC,"Zidovudine 10mg/ml, oral solution w/syringe, Bottle, 240 ml",Zidovudine,Generic,10mg/ml,Oral solution,240,714,1499.4,2.1,0.01,"Cipla, Goa, India",No,See DN-3975 (ID#:82748),See DN-3975 (ID#:82748),1.54
10624,112-NG-T01,Pre-PQ Process,SO-565,DN-373,Nigeria,PMO - US,From RDC,N/A - From RDC,Air,Pre-PQ Process,N/A - From RDC,20-Sep-07,20-Sep-07,20-Sep-07,ARV,Adult,SCMS from RDC,"Lamivudine/Nevirapine/Stavudine 150/200/30mg, tablets, 60 Tabs",Lamivudine/Nevirapine/Stavudine,Generic,150/200/30mg,Tablet - FDC,60,222,1665.0,7.5,0.12,"Cipla, Goa, India",No,See DN-373 (ID#:10623),See DN-373 (ID#:10623),2.66
6745,102-GY-T01,Pre-PQ Process,SCMS-11650,ASN-763,Guyana,PMO - US,Direct Drop,EXW,Air,Pre-PQ Process,8/28/2007,21-Sep-07,8-Oct-07,8-Oct-07,HRDT,HIV test,"Orgenics, Ltd","HIV 1/2, Determine HIV Kit, without Lancets, 100 Tests","HIV 1/2, Determine HIV Kit, without Lancets",Determine,,Test kit,100,442,31819.58,71.99,0.72,Inverness Japan,Yes,100,1928.93,50.91
12222,126-NG-T01,Pre-PQ Process,SO-10800,DN-872,Nigeria,PMO - US,From RDC,N/A - From RDC,Air,Pre-PQ Process,N/A - From RDC,18-Aug-08,18-Aug-08,18-Aug-08,ARV,Adult,SCMS from RDC,"Lamivudine 150mg, tablets, 60 Tabs",Lamivudine,Generic,150mg,Tablet,60,1300,3770.0,2.9,0.05,"Aurobindo Unit III, India",Yes,65,1020.98,6.03
82902,151-NG-T30,FPQ-5023,SO-36510,DN-1919,Nigeria,PMO - US,From RDC,N/A - From RDC,Air,2/10/2010,N/A - From RDC,15-Jul-10,28-Jun-10,28-Jun-10,ARV,Adult,SCMS from RDC,"Lamivudine/Nevirapine/Stavudine 150/200/30mg, tablets, 60 Tabs",Lamivudine/Nevirapine/Stavudine,Generic,150/200/30mg,Tablet - FDC,60,9000,52650.0,5.85,0.1,"Strides, Bangalore, India.",Yes,653,Freight Included in Commodity Cost,113.51
11477,111-MZ-T01,Pre-PQ Process,SO-1038,DN-426,Mozambique,PMO - US,From RDC,N/A - From RDC,Air,Pre-PQ Process,N/A - From RDC,29-Nov-07,29-Nov-07,29-Nov-07,ARV,Adult,SCMS from RDC,"Abacavir/Lamivudine/Zidovudine 300/150/300mg [Trizivir], tablets, 60 Tabs",Abacavir/Lamivudine/Zidovudine,Trizivir,300/150/300mg,Tablet - FDC,60,900,63000.0,70.0,1.17,GSK Ware (UK),No,See DN-426 (ID#:10633),See DN-426 (ID#:10633),100.8
66383,114-UG-T30,FPQ-11141,SCMS-173450,ASN-18894,Uganda,PMO - US,Direct Drop,EXW,Air,12/13/2012,2/5/2013,22-Apr-13,22-Apr-13,22-Apr-13,ARV,Pediatric,Aurobindo Pharma Limited,"Nevirapine 50mg, dispersible tablets (tablets for oral suspension), 30 Tabs",Nevirapine,Generic,50mg,Chewable/dispersible tablet,30,961,1201.25,1.25,0.04,"Aurobindo Unit III, India",Yes,53,1203.4,1.49
84366,111-MZ-T30,FPQ-13123,SO-47086,DN-3695,Mozambique,PMO - US,From RDC,N/A - From RDC,Truck,10/21/2013,N/A - From RDC,31-Jul-14,25-Jul-14,5-Sep-14,ARV,Adult,SCMS from RDC,"Lamivudine/Nevirapine/Zidovudine 150/200/300mg, tablets, 60 Tabs",Lamivudine/Nevirapine/Zidovudine,Generic,150/300/200mg,Tablet - FDC,60,74623,605192.53,8.11,0.14,"Cipla, Goa, India",Yes,10073,7048.57,622.14
9026,116-ZA-T01,Pre-PQ Process,SCMS-40880,ASN-3610,South Africa,PMO - US,Direct Drop,DDP,Air,Pre-PQ Process,Date Not Captured,7-Jul-09,2-Feb-09,2-Feb-09,ARV,Adult,S. BUYS WHOLESALER,"Lamivudine 150mg, tablets, 60 Tabs",Lamivudine,Generic,150mg,Tablet,60,16000,85280.0,5.33,0.09,"Aurobindo Unit III, India",No,Weight Captured Separately,Freight Included in Commodity Cost,167.15
5066,144-BW-T01,Pre-PQ Process,SCMS-41890,ASN-3780,Botswana,PMO - US,Direct Drop,EXW,Air,Pre-PQ Process,3/25/2009,17-Apr-09,17-Apr-09,17-Apr-09,HRDT,HIV test,Orasure Technologies Inc.,"HIV 1/2, OraQuick Advance HIV Rapid Antibody Kit, 100 Tests","HIV 1/2, OraQuick Advance HIV Rapid Antibody Kit",OraQuick,,Test kit,100,20,7000.0,350.0,3.5,"Pacific Biotech, Thailand",Yes,48,1119.99,13.72
10683,106-HT-T01,Pre-PQ Process,SO-2056,DN-743,Haiti,PMO - US,From RDC,N/A - From RDC,Air,Pre-PQ Process,N/A - From RDC,27-May-08,27-May-08,27-May-08,ARV,Pediatric,SCMS from RDC,"Nevirapine 10mg/ml, oral suspension, Bottle, 240 ml",Nevirapine,Generic,10mg/ml,Oral suspension,240,5056,9707.52,1.92,0.01,"Aurobindo Unit III, India",Yes,2166,22956,15.53
86133,109-TZ-T30,FPQ-14041,SO-49640,DN-3910,Tanzania,PMO - US,From RDC,N/A - From RDC,Truck,4/11/2014,N/A - From RDC,11-Nov-14,17-Oct-14,7-Nov-14,ARV,Pediatric,SCMS from RDC,"Lamivudine/Nevirapine/Zidovudine 30/50/60mg, dispersible tablets, 60 Tabs",Lamivudine/Nevirapine/Zidovudine,Generic,30/50/60mg,Chewable/dispersible tablet - FDC,60,54976,206160.0,3.75,0.06,"Strides, Bangalore, India.",Yes,2356,2151.27,211.93
5260,104-CI-T01,Pre-PQ Process,SCMS-103,ASN-61,Côte d'Ivoire,PMO - US,Direct Drop,EXW,Air,Pre-PQ Process,Date Not Captured,6-Sep-06,6-Sep-06,6-Sep-06,ARV,Adult,Aurobindo Pharma Limited,"Lamivudine 150mg, tablets, 60 Tabs",Lamivudine,Generic,150mg,Tablet,60,16683,65897.85,3.95,0.07,"Aurobindo Unit III, India",Yes,1498,20257.08,
86196,110-ZM-T30,FPQ-14784,SO-49601,DN-4250,Zambia,PMO - US,From RDC,N/A - From RDC,Truck,8/12/2014,N/A - From RDC,29-May-15,15-May-15,15-May-15,ARV,Pediatric,SCMS from RDC,"Lamivudine/Zidovudine 30/60mg, dispersible tablets, 60 Tabs",Lamivudine/Zidovudine,Generic,30/60mg,Chewable/dispersible tablet - FDC,60,4000,7960.0,1.99,0.03,"Cipla, Goa, India",No,See DN-4250 (ID#:82799),See DN-4250 (ID#:82799),8.18
12164,112-NG-T01,Pre-PQ Process,SO-2351,DN-717,Nigeria,PMO - US,From RDC,N/A - From RDC,Air,Pre-PQ Process,N/A - From RDC,18-Apr-08,18-Apr-08,18-Apr-08,ARV,Adult,SCMS from RDC,"Lamivudine 150mg, tablets, 60 Tabs",Lamivudine,Generic,150mg,Tablet,60,307,893.37,2.91,0.05,"Aurobindo Unit III, India",No,See DN-717 (ID#:11858),See DN-717 (ID#:11858),1.43
83643,114-UG-T30,FPQ-10556,SO-43190,DN-2951,Uganda,PMO - US,From RDC,N/A - From RDC,Air,8/30/2012,N/A - From RDC,1-Feb-13,1-Feb-13,1-Feb-13,ARV,Adult,SCMS from RDC,"Lamivudine/Zidovudine 150/300mg, tablets, 60 Tabs",Lamivudine/Zidovudine,Generic,150/300mg,Tablet - FDC,60,1470,11348.4,7.72,0.13,Hetero Unit III Hyderabad IN,No,See DN-2951 (ID#:82532),See DN-2951 (ID#:82532),15.91
2562,104-CI-T01,Pre-PQ Process,SCMS-45110,ASN-4046,Côte d'Ivoire,PMO - US,Direct Drop,EXW,Air,Pre-PQ Process,4/29/2009,9-Jun-09,9-Jun-09,9-Jun-09,HRDT,HIV test,BIO-RAD LABORATORIES (FRANCE),"#108853** HIV, Genie II HIV-1/HIV-2 Kit, 40 Tests","HIV, Genie II HIV-1/HIV-2 Kit",Genie,,Test kit,40,140,15400.0,110.0,2.75,Bio-Rad Laboratories,Yes,158,4318.21,30.18
12091,111-MZ-T01,Pre-PQ Process,SO-298,DN-304,Mozambique,PMO - US,From RDC,N/A - From RDC,Air,Pre-PQ Process,N/A - From RDC,21-Sep-07,21-Sep-07,21-Sep-07,ARV,Adult,SCMS from RDC,"Saquinavir 200mg [Invirase], capsules, 270 Caps",Saquinavir,Invirase,200mg,Capsule,270,521,39747.09,76.29,0.28,Roche Basel,No,See DN-304 (ID#:10589),See DN-304 (ID#:10589),63.6
33097,116-ZA-T30,FPQ-11828,SCMS-183950,ASN-19166,South Africa,South Africa Field Office,Direct Drop,DDP,Truck,3/18/2013,Date Not Captured,16-Apr-13,16-Apr-13,16-Apr-13,ARV,Pediatric,S. BUYS WHOLESALER,"Nevirapine 10mg/ml [Viramune], oral suspension, Bottle, 240 ml",Nevirapine,Viramune,10mg/ml,Oral suspension,240,212,2720.61,12.83,0.05,Boehringer Ingelheim Roxane US,No,Weight Captured Separately,Freight Included in Commodity Cost,3.37
82746,113-ZW-T30,FPQ-14458,SO-49171,DN-3974,Zimbabwe,PMO - US,From RDC,N/A - From RDC,Truck,6/13/2014,N/A - From RDC,31-Jan-15,30-Oct-14,7-Nov-14,ARV,Adult,SCMS from RDC,"Efavirenz/Lamivudine/Tenofovir Disoproxil Fumarate 600/300/300mg, tablets, 30 Tabs",Efavirenz/Lamivudine/Tenofovir Disoproxil Fumarate,Generic,600/300/300mg,Tablet - FDC,30,75013,768883.25,10.25,0.34,Cipla Ltd A-42 MIDC Mahar. IN,No,See DN-3974 (ID#:82745),See DN-3974 (ID#:82745),790.41
12136,117-ET-T01,Pre-PQ Process,SO-1009,DN-495,Ethiopia,PMO - US,From RDC,N/A - From RDC,,Pre-PQ Process,N/A - From RDC,20-Dec-07,20-Dec-07,20-Dec-07,ARV,Adult,SCMS from RDC,"Lamivudine 150mg, tablets, 60 Tabs",Lamivudine,Generic,150mg,Tablet,60,14040,42681.6,3.04,0.05,"Aurobindo Unit III, India",No,See DN-495 (ID#:11824),See DN-495 (ID#:11824),68.29
11694,100-LB-T01,Pre-PQ Process,SO-33910,DN-1488,Lebanon,PMO - US,From RDC,N/A - From RDC,Air,Date Not Captured,N/A - From RDC,24-Nov-09,24-Nov-09,24-Nov-09,ARV,Adult,SCMS from RDC,"Lamivudine 150mg, tablets, 60 Tabs",Lamivudine,Generic,150mg,Tablet,60,200,2.0,0.01,0.0,Hetero Unit III Hyderabad IN,No,See DN-1488 (ID#:11074),See DN-1488 (ID#:11074),0.0
12107,110-ZM-T01,Pre-PQ Process,SO-822,DN-343,Zambia,PMO - US,From RDC,N/A - From RDC,,Pre-PQ Process,N/A - From RDC,7-Sep-07,7-Sep-07,7-Sep-07,ARV,Pediatric,SCMS from RDC,"Abacavir 20mg/ml, oral solution, Bottle, 240 ml",Abacavir,Generic,20mg/ml,Oral solution,240,1000,16500.0,16.5,0.07,"Aurobindo Unit III, India",Yes,355,1886.39,26.4
34837,117-ET-T30,FPQ-9098,SCMS-133580,ASN-13876,Ethiopia,PMO - US,Direct Drop,EXW,Air,1/10/2012,1/23/2012,12-Mar-12,12-Mar-12,12-Mar-12,HRDT,HIV test,"SHANGHAI KEHUA BIOENGINEERING CO.,LTD.  (KHB)","HIV 1/2, SKB Colloidal Gold, Diagnostic Kit, Antibody, 50 Tests","HIV 1/2, Colloidal Gold, Diagnostic Kit, Antibody",Colloidal Gold,,Test kit,1,1362,33369.0,24.5,24.5,"KHB Test Kit Facility, Shanghai China",Yes,970,8851.4,46.78
59482,108-VN-T30,FPQ-15087,SCMS-261430,ASN-30166,Vietnam,PMO - US,Direct Drop,EXW,Air,10/24/2014,10/30/2014,23-Mar-15,23-Mar-15,23-Mar-15,ARV,Adult,MYLAN LABORATORIES LTD (FORMERLY MATRIX LABORATORIES),"Lamivudine/Nevirapine/Zidovudine 150/200/300mg, tablets, 60 Tabs",Lamivudine/Nevirapine/Zidovudine,Generic,150/300/200mg,Tablet - FDC,60,3000,24300.0,8.1,0.13,Mylan (formerly Matrix) Nashik,Yes,422,1332.29,28.6
49435,105-GH-T30,FPQ-13872,SCMS-235790,ASN-26603,Ghana,PMO - US,Direct Drop,EXW,Air,3/24/2014,5/7/2014,23-Jun-14,23-Jun-14,24-Jun-14,ARV,Pediatric,Aurobindo Pharma Limited,"Efavirenz 50mg, capsule, 30 Caps",Efavirenz,Generic,50mg,Capsule,30,33000,51480.0,1.56,0.05,"Aurobindo Unit III, India",Yes,2343,20464.55,52.92
85356,103-SS-T30,FPQ-11489,SO-44630,DN-3125,South Sudan,PMO - US,From RDC,N/A - From RDC,Air,1/16/2013,N/A - From RDC,30-Apr-13,24-Apr-13,24-Apr-13,ARV,Adult,SCMS from RDC,"Efavirenz/Lamivudine/Tenofovir Disoproxil Fumarate 600/300/300mg, tablets, 30 Tabs",Efavirenz/Lamivudine/Tenofovir Disoproxil Fumarate,Generic,600/300/300mg,Tablet - FDC,30,1278,13444.56,10.52,0.35,Hetero Unit III Hyderabad IN,No,See DN-3125 (ID#:82571),See DN-3125 (ID#:82571),16.63
58426,A02-SL-T50,FPQ-16015,SCMS-285360,ASN-31852,Sierra Leone,PMO - US,Direct Drop,EXW,Air,4/3/2015,4/20/2015,11-May-15,11-May-15,13-May-15,HRDT,HIV test,"Orgenics, Ltd","HIV 1/2, Determine Complete HIV Kit, 100 Tests","HIV 1/2, Determine Complete HIV Kit",Determine,,Test kit,100,4000,320000.0,80.0,0.8,"Alere Medical Co., Ltd.",Yes,1556,28703.53,376.64
82915,110-ZM-T30,FPQ-5702,SO-37380,DN-2010,Zambia,PMO - US,From RDC,N/A - From RDC,Truck,5/20/2010,N/A - From RDC,4-Nov-10,9-Sep-10,9-Sep-10,ARV,Adult,SCMS from RDC,"Lamivudine/Stavudine 150/30mg, tablets, 60 Tabs",Lamivudine/Stavudine,Generic,150/30mg,Tablet - FDC,60,9100,29848.0,3.28,0.05,"Cipla, Goa, India",Yes,693,2997.97,64.35
12511,106-HT-T01,Pre-PQ Process,SO-2055,DN-690,Haiti,PMO - US,From RDC,N/A - From RDC,Air,Pre-PQ Process,N/A - From RDC,14-Apr-08,14-Apr-08,14-Apr-08,ARV,Adult,SCMS from RDC,"Lopinavir/Ritonavir 200/50mg [Aluvia], tablets, 120 Tabs",Lopinavir/Ritonavir,Aluvia,200/50mg,Tablet,120,240,9864.0,41.1,0.34,ABBVIE Ludwigshafen Germany,No,See DN-690 (ID#:10706),See DN-690 (ID#:10706),15.78
85657,106-HT-T30,FPQ-4384,SO-35930,DN-1668,Haiti,PMO - US,From RDC,N/A - From RDC,Air,10/23/2009,N/A - From RDC,7-Apr-10,3-Mar-10,3-Mar-10,ARV,Adult,SCMS from RDC,"Zidovudine 300mg, tablets, 60 Tabs",Zidovudine,Generic,300mg,Tablet,60,1680,12650.4,7.53,0.13,Mylan (formerly Matrix) Nashik,No,See DN-1668 (ID#:83403),See DN-1668 (ID#:83403),27.27
75136,111-MZ-T30,FPQ-11923,SCMS-187080,ASN-23311,Mozambique,PMO - US,Direct Drop,CIP,Air,4/19/2013,4/25/2013,18-Dec-13,18-Dec-13,8-Jan-14,ARV,Adult,MERCK SHARP & DOHME IDEA GMBH (FORMALLY MERCK SHARP & DOHME B.V.),"Raltegravir 400mg [Isentress], tablets, 60 Tabs",Raltegravir,Isentress,400mg,Tablet,60,54,2997.0,55.5,0.92,"MSD, Haarlem, NL",Yes,Weight Captured Separately,Freight Included in Commodity Cost,3.71
23445,104-CI-T30,FPQ-12806,SCMS-206591,ASN-26596,Côte d'Ivoire,PMO - US,Direct Drop,EXW,Air,8/9/2013,2/10/2014,30-Jun-14,30-Jun-14,7-Jul-14,ARV,Adult,MYLAN LABORATORIES LTD (FORMERLY MATRIX LABORATORIES),"Atazanavir/Ritonavir 300/100mg, tablets, 30 Tabs",Atazanavir/Ritonavir,Generic,300/100mg,Tablet,30,2100,42000.0,20.0,0.67,Mylan (formerly Matrix) Nashik,Yes,293,3316.79,51.95
83273,901-NA-T30,FPQ-14723,SO-49510,DN-3906,Namibia,PMO - US,From RDC,N/A - From RDC,Air,7/30/2014,N/A - From RDC,30-Sep-14,2-Sep-14,5-Sep-14,ARV,Adult,SCMS from RDC,"Lamivudine/Tenofovir Disoproxil Fumarate 300/300mg, tablets, 30 Tabs",Lamivudine/Tenofovir Disoproxil Fumarate,Generic,300/300mg,Tablet - FDC,30,45000,208350.0,4.63,0.15,Hetero Unit III Hyderabad IN,Yes,4688,32063.3,214.18
10389,116-ZA-T01,Pre-PQ Process,SCMS-47320,ASN-4224,South Africa,PMO - US,Direct Drop,DDP,Truck,Pre-PQ Process,4/2/2009,15-May-09,15-May-09,15-May-09,ARV,Pediatric,S. BUYS WHOLESALER,"Lamivudine 10mg/ml [Epivir], oral solution, Bottle, 240 ml",Lamivudine,Epivir,10mg/ml,Oral solution,240,650,3614.0,5.56,0.02,GSK Mississauga (Canada),No,Weight Captured Separately,Freight Included in Commodity Cost,7.08
7055,116-ZA-T01,Pre-PQ Process,SCMS-21460,ASN-1667,South Africa,PMO - US,Direct Drop,DDP,,Pre-PQ Process,4/4/2008,25-Apr-08,7-Apr-08,7-Apr-08,ARV,Pediatric,S. BUYS WHOLESALER,"Didanosine 100mg [Videx],chewable tablets, 60 Tabs",Didanosine,Videx,100mg,Chewable/dispersible tablet,60,6,81.66,13.61,0.23,"BMS Meymac, France",No,Weight Captured Separately,Freight Included in Commodity Cost,0.13
5049,116-ZA-T01,Pre-PQ Process,SCMS-41160,ASN-3760,South Africa,PMO - US,Direct Drop,DDP,Air,Pre-PQ Process,Date Not Captured,1-Apr-09,26-Nov-08,26-Nov-08,ARV,Adult,S. BUYS WHOLESALER,"Zidovudine 300mg [Retrovir], tablets, 60 Tabs",Zidovudine,Retrovir,300mg,Tablet,60,500,6555.0,13.11,0.22,GSK Aranda,Yes,Weight Captured Separately,1521.4,12.85
65037,116-ZA-T30,FPQ-5535,SCMS-71370,ASN-7373,South Africa,PMO - US,Direct Drop,DDP,Truck,4/19/2010,4/21/2010,31-May-10,31-May-10,31-May-10,ARV,Pediatric,S. BUYS WHOLESALER,"Zidovudine 100mg [Retrovir], capsules, 100 Caps",Zidovudine,Retrovir,100mg,Capsule,100,40,544.11,13.6,0.14,GSK Crawley,No,Weight Captured Separately,Freight Included in Commodity Cost,1.17
9056,116-ZA-T01,Pre-PQ Process,SCMS-41587,ASN-4602,South Africa,PMO - US,Direct Drop,DDP,Air,Pre-PQ Process,3/27/2009,25-Jun-09,16-Apr-09,16-Apr-09,ARV,Pediatric,S. BUYS WHOLESALER,"Didanosine 100mg [Videx],chewable tablets, 60 Tabs",Didanosine,Videx,100mg,Chewable/dispersible tablet,60,6840,73256.4,10.71,0.18,"BMS Meymac, France",No,Weight Captured Separately,Freight Included in Commodity Cost,143.58
12351,111-MZ-T01,Pre-PQ Process,SO-544,DN-153,Mozambique,PMO - US,From RDC,N/A - From RDC,Air,Pre-PQ Process,N/A - From RDC,8-Jun-07,8-Jun-07,8-Jun-07,ARV,Pediatric,SCMS from RDC,"Zidovudine 10mg/ml, oral solution, Bottle, 240 ml",Zidovudine,Generic,10mg/ml,Oral solution,240,8100,31995.0,3.95,0.02,"Aurobindo Unit III, India",Yes,2952,Freight Included in Commodity Cost,
28724,116-ZA-T30,FPQ-14942,SCMS-259079,ASN-33852,South Africa,PMO - US,Direct Drop,DDP,Truck,9/11/2014,10/9/2014,24-Aug-15,24-Aug-15,24-Aug-15,ARV,Adult,PHARMACY DIRECT,"Nevirapine 200mg, tablets, 60 Tabs",Nevirapine,Generic,200mg,Tablet,60,24,329.7,13.74,0.23,"Aurobindo Unit III, India",No,Weight Captured Separately,Freight Included in Commodity Cost,0.34
11998,106-HT-T01,Pre-PQ Process,SO-32760,DN-1373,Haiti,PMO - US,From RDC,N/A - From RDC,Air,Date Not Captured,N/A - From RDC,31-Jul-09,31-Jul-09,31-Jul-09,ARV,Adult,SCMS from RDC,"Stavudine 30mg, capsules, 60 Caps",Stavudine,Generic,30mg,Capsule,60,8640,12614.4,1.46,0.02,"Aurobindo Unit III, India",No,See DN-1373 (ID#:11062),See DN-1373 (ID#:11062),24.72
86706,111-MZ-T30,FPQ-13124,SO-47040,DN-3809,Mozambique,PMO - US,From RDC,N/A - From RDC,Truck,10/21/2013,N/A - From RDC,15-Aug-14,15-Aug-14,25-Aug-14,ARV,Adult,SCMS from RDC,"Zidovudine 300mg, tablets, 60 Tabs",Zidovudine,Generic,300mg,Tablet,60,57870,314812.8,5.44,0.09,"Aurobindo Unit III, India",No,See DN-3809 (ID#:84950),See DN-3809 (ID#:84950),323.63
86254,117-ET-T30,FPQ-4668,SO-35240,DN-1604,Ethiopia,PMO - US,From RDC,N/A - From RDC,Air,11/26/2009,N/A - From RDC,4-Jan-10,18-Dec-09,18-Dec-09,ARV,Adult,SCMS from RDC,"Lamivudine 150mg, tablets, 60 Tabs",Lamivudine,Generic,150mg,Tablet,60,8000,19520.0,2.44,0.04,Mylan (formerly Matrix) Nashik,Yes,425,2978.5,42.09
84168,151-NG-T30,FPQ-8952,SO-41254,DN-2650,Nigeria,PMO - US,From RDC,N/A - From RDC,Air Charter,12/8/2011,N/A - From RDC,4-Jul-12,30-Apr-12,30-Apr-12,ARV,Adult,SCMS from RDC,"Nevirapine 200mg, tablets, 60 Tabs",Nevirapine,Generic,200mg,Tablet,60,48874,119252.56,2.44,0.04,"Aurobindo Unit III, India",Yes,4754,27441.21,167.19
8770,117-ET-T01,Pre-PQ Process,SCMS-32640,ASN-2936,Ethiopia,PMO - US,Direct Drop,EXW,Air,Pre-PQ Process,10/27/2008,3-Dec-08,1-Dec-08,1-Dec-08,HRDT,HIV test,"SHANGHAI KEHUA BIOENGINEERING CO.,LTD.  (KHB)","HIV 1/2, SKB Colloidal Gold, Diagnostic Kit, Antibody, 50 Tests","HIV 1/2, Colloidal Gold, Diagnostic Kit, Antibody",Colloidal Gold,,Test kit,1,3470,79810.0,23.0,23.0,"KHB Test Kit Facility, Shanghai China",Yes,2509,22803.8,156.43
84360,110-ZM-T30,FPQ-13221,SO-47201,DN-3648,Zambia,PMO - US,From RDC,N/A - From RDC,Truck,10/31/2013,N/A - From RDC,6-May-14,19-May-14,12-Jun-14,ARV,Adult,SCMS from RDC,"Lamivudine/Tenofovir Disoproxil Fumarate 300/300mg, tablets, 30 Tabs",Lamivudine/Tenofovir Disoproxil Fumarate,Generic,300/300mg,Tablet - FDC,30,27900,129456.0,4.64,0.15,Ranbaxy per Shasun Pharma Ltd,Yes,17018,19564.23,133.08
30717,116-ZA-T30,FPQ-14942,SCMS-259077,ASN-33477,South Africa,PMO - US,Direct Drop,DDP,Truck,9/11/2014,10/9/2014,24-Jul-15,24-Jul-15,24-Jul-15,ARV,Adult,PHARMACY DIRECT,"Emtricitabine/Tenofovir Disoproxil Fumarate 200/300mg, tablets, 30 Tabs",Emtricitabine/Tenofovir Disoproxil Fumarate,Generic,200/300mg,Tablet - FDC,30,12,261.97,21.83,0.73,"Aurobindo Unit III, India",No,Weight Captured Separately,Freight Included in Commodity Cost,0.27
17870,116-ZA-T30,FPQ-4054,SCMS-51251,ASN-5341,South Africa,PMO - US,Direct Drop,DDP,Truck,7/29/2009,8/7/2009,7-Oct-09,7-Oct-09,7-Oct-09,ARV,Pediatric,S. BUYS WHOLESALER,"Stavudine 1mg/ml, powder for oral solution, 200 ml",Stavudine,Generic,1mg/ml,Oral solution,200,500,1303.53,2.61,0.01,"Aurobindo Unit III, India",Yes,Weight Captured Separately,Freight Included in Commodity Cost,2.55
76578,116-ZA-T30,FPQ-13973,SCMS-238554,ASN-28629,South Africa,PMO - US,Direct Drop,DDP,Truck,4/30/2014,10/3/2014,3-Oct-14,3-Oct-14,3-Oct-14,ARV,Adult,PHARMACY DIRECT,"Raltegravir 400mg [Isentress], tablets, 60 Tabs",Raltegravir,Isentress,400mg,Tablet,60,48,4062.91,84.64,1.41,"MSD, Haarlem, NL",No,Weight Captured Separately,Freight Included in Commodity Cost,4.18
11501,119-NA-T01,Pre-PQ Process,SO-1451,DN-490,Namibia,PMO - US,From RDC,N/A - From RDC,Air,Pre-PQ Process,N/A - From RDC,6-Dec-07,6-Dec-07,6-Dec-07,HRDT,HIV test,SCMS from RDC,"HIV 1/2, Clearview Complete Kit, 25 Tests","HIV 1/2, Clearview Complete Kit",Clearview,,Test kit,25,70,5250.0,75.0,3.0,Inverness USA,Yes,43,1542.15,8.4
84116,900-SZ-T30,FPQ-8417,SO-40701,DN-2391,Swaziland,PMO - US,From RDC,N/A - From RDC,Air,9/14/2011,N/A - From RDC,17-Nov-11,18-Oct-11,18-Oct-11,ARV,Adult,SCMS from RDC,"Lamivudine/Nevirapine/Zidovudine 150/200/300mg, tablets, 60 Tabs",Lamivudine/Nevirapine/Zidovudine,Generic,150/300/200mg,Tablet - FDC,60,45000,504900.0,11.22,0.19,"Aurobindo Unit III, India",Yes,5961,20144.99,833.08
84725,113-ZW-T30,FPQ-8464,SO-40882,DN-2682,Zimbabwe,PMO - US,From RDC,N/A - From RDC,Truck,10/4/2011,N/A - From RDC,14-Aug-12,10-May-12,10-May-12,ARV,Adult,SCMS from RDC,"Lamivudine/Nevirapine/Stavudine 150/200/30mg, tablets, 60 Tabs",Lamivudine/Nevirapine/Stavudine,Generic,150/200/30mg,Tablet - FDC,60,4050,19035.0,4.7,0.08,"Strides, Bangalore, India.",Yes,Weight Captured Separately,Invoiced Separately,31.41
83003,101-CD-T30,FPQ-8840,SO-41136,DN-2498,"Congo, DRC",PMO - US,From RDC,N/A - From RDC,Air,11/21/2011,N/A - From RDC,16-Mar-12,14-Feb-12,14-Feb-12,ARV,Adult,SCMS from RDC,"Efavirenz 600mg, tablets, 30 Tabs",Efavirenz,Generic,600mg,Tablet,30,10,41.2,4.12,0.14,"Strides, Bangalore, India.",No,See DN-2498 (ID#:83002),See DN-2498 (ID#:83002),0.06
82943,107-RW-T30,FPQ-7304,SO-38930,DN-2141,Rwanda,PMO - US,From RDC,N/A - From RDC,Air,2/28/2011,N/A - From RDC,18-Mar-11,13-Mar-11,13-Mar-11,ARV,Pediatric,SCMS from RDC,"Abacavir 20mg/ml, oral solution w/syringe, Bottle, 240 ml",Abacavir,Generic,20mg/ml,Oral solution,240,1965,26920.5,13.7,0.06,"Aurobindo Unit III, India",Yes,724,4520.04,44.42
30412,102-KE-T30,FPQ-9127,SCMS-134420,ASN-13663,Kenya,PMO - US,Direct Drop,EXW,Air,1/13/2012,1/19/2012,13-Mar-12,13-Mar-12,13-Mar-12,HRDT,HIV test,Premier Medical Corporation Ltd.,"HIV 1/2/O, First Response HIV 1-2.0, v.3.0 Cards Kit, 30 Tests","HIV 1/2/O, First Response HIV 1-2.0, v.3.0 Cards Kit",First Response,,Test kit,30,50,1170.0,23.4,0.78,Premier Med. Corp Ltd. India,Yes,18,2644.79,1.64
83583,113-ZW-T30,FPQ-8464,SO-40860,DN-2621,Zimbabwe,PMO - US,From RDC,N/A - From RDC,Truck,10/4/2011,N/A - From RDC,17-Apr-12,7-May-12,7-May-12,ARV,Adult,SCMS from RDC,"Nevirapine 200mg, tablets, 60 Tabs",Nevirapine,Generic,200mg,Tablet,60,52164,134583.12,2.58,0.04,"Aurobindo Unit VII, IN",Yes,12347,16978.83,222.06
12037,100-CI-T01,Pre-PQ Process,SO-284,DN-46,Côte d'Ivoire,PMO - US,From RDC,N/A - From RDC,,Pre-PQ Process,N/A - From RDC,4-May-07,4-May-07,4-May-07,ARV,Adult,SCMS from RDC,"Efavirenz 600mg, tablets, 30 Tabs",Efavirenz,Generic,600mg,Tablet,30,6519,105933.75,16.25,0.54,"Aurobindo Unit III, India",No,See DN-46 (ID#:10550),See DN-46 (ID#:10550),
85977,901-CM-T30,FPQ-12520,SO-45820,DN-3227,Cameroon,PMO - US,From RDC,N/A - From RDC,Air Charter,6/21/2013,N/A - From RDC,22-Jul-13,31-Jul-13,31-Jul-13,ARV,Adult,SCMS from RDC,"Efavirenz/Lamivudine/Tenofovir Disoproxil Fumarate 600/300/300mg, tablets, 30 Tabs",Efavirenz/Lamivudine/Tenofovir Disoproxil Fumarate,Generic,600/300/300mg,Tablet - FDC,30,45000,473400.0,10.52,0.35,Hetero Unit III Hyderabad IN,No,See DN-3227 (ID#:82589),See DN-3227 (ID#:82589),585.6
41288,116-ZA-T30,FPQ-7176,SCMS-104430,ASN-11056,South Africa,PMO - US,Direct Drop,DDP,Ocean,3/10/2011,4/1/2011,2-Sep-11,2-Sep-11,2-Sep-11,ARV,Adult,STRIDES ARCOLAB LIMITED,"Lamivudine 150mg, tablets, 60 Tabs",Lamivudine,Generic,150mg,Tablet,60,75000,182250.0,2.43,0.04,"Strides, Bangalore, India.",Yes,3347,7414.66,300.71
12364,111-MZ-T01,Pre-PQ Process,SO-578,DN-184,Mozambique,PMO - US,From RDC,N/A - From RDC,Air,Pre-PQ Process,N/A - From RDC,11-Jul-07,11-Jul-07,11-Jul-07,ARV,Adult,SCMS from RDC,"Abacavir/Lamivudine/Zidovudine 300/150/300mg [Trizivir], tablets, 60 Tabs",Abacavir/Lamivudine/Zidovudine,Trizivir,300/150/300mg,Tablet - FDC,60,1171,81970.0,70.0,1.17,GSK Ware (UK),No,See DN-184 (ID#:12060),See DN-184 (ID#:12060),
11433,111-MZ-T01,Pre-PQ Process,SO-927,DN-308,Mozambique,PMO - US,From RDC,N/A - From RDC,Air,Pre-PQ Process,N/A - From RDC,4-Sep-07,4-Sep-07,4-Sep-07,ARV,Adult,SCMS from RDC,"Stavudine 30mg, capsules, 60 Caps",Stavudine,Generic,30mg,Capsule,60,630,957.6,1.52,0.03,"Aurobindo Unit III, India",Yes,36,1998.5,1.53
67551,111-MZ-T30,FPQ-15221,SCMS-270120,ASN-32420,Mozambique,PMO - US,Direct Drop,CIP,Air,10/28/2014,12/19/2014,9-Jun-15,9-Jun-15,16-Jul-15,ARV,Adult,MERCK SHARP & DOHME IDEA GMBH (FORMALLY MERCK SHARP & DOHME B.V.),"Raltegravir 400mg [Isentress], tablets, 60 Tabs",Raltegravir,Isentress,400mg,Tablet,60,52,2886.0,55.5,0.92,"MSD, Haarlem, NL",Yes,Weight Captured Separately,Freight Included in Commodity Cost,3.4
85693,114-UG-T30,FPQ-5238,SO-36070,DN-1949,Uganda,PMO - US,From RDC,N/A - From RDC,Air,3/2/2010,N/A - From RDC,4-Aug-10,2-Aug-10,2-Aug-10,ARV,Adult,SCMS from RDC,"Lamivudine/Zidovudine 150/300mg, tablets, 60 Tabs",Lamivudine/Zidovudine,Generic,150/300mg,Tablet - FDC,60,3000,26280.0,8.76,0.15,"Aurobindo Unit III, India",No,See DN-1949 (ID#:83444),See DN-1949 (ID#:83444),56.66
10923,117-ET-T01,Pre-PQ Process,SO-1533,DN-528,Ethiopia,PMO - US,From RDC,N/A - From RDC,Air,Pre-PQ Process,N/A - From RDC,20-Dec-07,20-Dec-07,20-Dec-07,ARV,Pediatric,SCMS from RDC,"Zidovudine 10mg/ml, oral solution, Bottle, 240 ml",Zidovudine,Generic,10mg/ml,Oral solution,240,1926,4140.9,2.15,0.01,"Aurobindo Unit III, India",Yes,807,2511.67,6.63
85094,114-UG-T30,FPQ-4325,SO-35970,DN-1677,Uganda,PMO - US,From RDC,N/A - From RDC,Air,9/23/2009,N/A - From RDC,19-Mar-10,17-Mar-10,17-Mar-10,ARV,Adult,SCMS from RDC,"Efavirenz 600mg, tablets, 30 Tabs",Efavirenz,Generic,600mg,Tablet,30,26697,136955.61,5.13,0.17,"Aurobindo Unit III, India",No,See DN-1677 (ID#:82297),See DN-1677 (ID#:82297),268.43
66073,161-ZA-T30,FPQ-7400,SCMS-104220,ASN-12743,South Africa,PMO - US,Direct Drop,DDP,Ocean,3/11/2011,3/30/2011,9-Jan-12,9-Jan-12,9-Jan-12,ARV,Pediatric,GLAXOSMITHKLINE EXPORT LIMITED,"Abacavir 20mg/ml [Ziagen], oral solution, Bottle, 240 ml",Abacavir,Ziagen,20mg/ml,Oral solution,240,2244,20824.32,9.28,0.04,GSK Mississauga (Canada),Yes,870,3755.91,34.36
32422,108-VN-T30,FPQ-13034,SCMS-210120,ASN-24569,Vietnam,PMO - US,Direct Drop,EXW,Air,10/4/2013,10/10/2013,21-Apr-14,21-Apr-14,22-Apr-14,ARV,Adult,HETERO LABS LIMITED,"Efavirenz/Lamivudine/Tenofovir Disoproxil Fumarate 600/300/300mg, tablets, 30 Tabs",Efavirenz/Lamivudine/Tenofovir Disoproxil Fumarate,Generic,600/300/300mg,Tablet - FDC,30,24556,257838.0,10.5,0.35,Hetero Unit III Hyderabad IN,Yes,3443,6323.76,318.95
81700,161-ZA-T30,FPQ-5303,SCMS-68940,ASN-8125,South Africa,PMO - US,Direct Drop,DDP,Air,3/18/2010,3/19/2010,7-Sep-10,20-Sep-10,20-Sep-10,ARV,Adult,Aurobindo Pharma Limited,"Efavirenz 600mg, tablets, 30 Tabs",Efavirenz,Generic,600mg,Tablet,30,31875,148856.25,4.67,0.16,"Aurobindo Unit III, India",Yes,3005,4263.07,320.93
39184,104-CI-T30,FPQ-7325,SCMS-106600,ASN-11740,Côte d'Ivoire,PMO - US,Direct Drop,EXW,Air,3/9/2011,5/5/2011,8-Sep-11,8-Sep-11,8-Sep-11,HRDT,HIV test,"Orgenics, Ltd","HIV 1/2, Determine Complete HIV Kit, 100 Tests","HIV 1/2, Determine Complete HIV Kit",Determine,,Test kit,100,2821,225680.0,80.0,0.8,Inverness Japan,Yes,1346,34282.33,372.37
82947,117-ET-T30,FPQ-7000,SO-38410,DN-2200,Ethiopia,PMO - US,From RDC,N/A - From RDC,Air,1/7/2011,N/A - From RDC,10-May-11,18-May-11,18-May-11,ARV,Adult,SCMS from RDC,"Didanosine 250mg, delayed-release capsules, 30 Caps",Didanosine,Generic,250mg,Delayed-release capsules,30,6872,89336.0,13.0,0.43,"Aurobindo Unit III, India",Yes,577,2143.5,147.4
84901,101-CD-T30,FPQ-13554,SO-47630,DN-3561,"Congo, DRC",PMO - US,From RDC,N/A - From RDC,Air,1/15/2014,N/A - From RDC,30-May-14,19-May-14,26-Jun-14,ARV,Pediatric,SCMS from RDC,"Nevirapine 10mg/ml, oral suspension w/syringe, Bottle, 240 ml",Nevirapine,Generic,10mg/ml,Oral suspension,240,630,1171.8,1.86,0.01,"Aurobindo Unit III, India",No,See DN-3561 (ID#:82654),See DN-3561 (ID#:82654),1.2
11805,111-MZ-T01,Pre-PQ Process,SO-1038,DN-426,Mozambique,PMO - US,From RDC,N/A - From RDC,Air,Pre-PQ Process,N/A - From RDC,29-Nov-07,29-Nov-07,29-Nov-07,ARV,Adult,SCMS from RDC,"Indinavir 400mg [Crixivan], capsules, 180 Caps",Indinavir,Crixivan,400mg,Capsule,180,840,42000.0,50.0,0.28,"MSD, Haarlem, NL",No,See DN-426 (ID#:10633),See DN-426 (ID#:10633),67.2
85193,100-GH-T30,FPQ-7799,SO-39950,DN-2274,Ghana,PMO - US,From RDC,N/A - From RDC,Air,6/6/2011,N/A - From RDC,4-Jul-11,20-Jul-11,20-Jul-11,ARV,Adult,SCMS from RDC,"Tenofovir Disoproxil Fumarate 300mg, tablets, 30 Tabs",Tenofovir Disoproxil Fumarate,Generic,300mg,Tablet,30,10914,70067.88,6.42,0.21,Mylan (formerly Matrix) Nashik,Yes,611,226.25,115.61
11920,107-RW-T01,Pre-PQ Process,SO-17220,DN-962,Rwanda,PMO - US,From RDC,N/A - From RDC,Truck,Pre-PQ Process,N/A - From RDC,5-Nov-08,5-Nov-08,5-Nov-08,ARV,Adult,SCMS from RDC,"Nevirapine 200mg, tablets, 60 Tabs",Nevirapine,Generic,200mg,Tablet,60,4703,15049.6,3.2,0.05,"Aurobindo Unit III, India",Yes,455,3754.14,29.5
12555,123-NG-T01,Pre-PQ Process,SO-2554,DN-960,Nigeria,PMO - US,From RDC,N/A - From RDC,Air,Pre-PQ Process,N/A - From RDC,30-Oct-08,30-Oct-08,30-Oct-08,ARV,Adult,SCMS from RDC,"Lamivudine/Zidovudine 150/300mg, tablets, 60 Tabs",Lamivudine/Zidovudine,Generic,150/300mg,Tablet - FDC,60,2708,25590.6,9.45,0.16,Mylan (formerly Matrix) Nashik,No,See DN-960 (ID#:11945),See DN-960 (ID#:11945),50.16
84935,102-BI-T30,FPQ-12602,SO-46023,DN-3739,Burundi,PMO - US,From RDC,N/A - From RDC,Air,7/9/2013,N/A - From RDC,16-Jun-14,4-Jun-14,9-Jul-14,ARV,Adult,SCMS from RDC,"Efavirenz 600mg, tablets, 30 Tabs",Efavirenz,Generic,600mg,Tablet,30,573,1839.33,3.21,0.11,"Strides, Bangalore, India.",No,See DN-3739 (ID#:83804),See DN-3739 (ID#:83804),2.28
83771,110-ZM-T30,FPQ-12066,SO-45082,DN-3570,Zambia,PMO - US,From RDC,N/A - From RDC,Truck,4/19/2013,N/A - From RDC,28-Feb-14,25-Mar-14,4-Apr-14,ARV,Adult,SCMS from RDC,"Efavirenz/Emtricitabine/Tenofovir Disoproxil Fumarate 600/200/300mg, tablets, 30 Tabs",Efavirenz/Emtricitabine/Tenofovir Disoproxil Fumarate,Generic,600/200/300mg,Tablet - FDC,30,25511,303325.79,11.89,0.4,"Cipla, Goa, India",Yes,3041,3526.69,375.21
84321,107-RW-T30,FPQ-13457,SO-47480,DN-3492,Rwanda,PMO - US,From RDC,N/A - From RDC,Truck,12/18/2013,N/A - From RDC,28-Feb-14,25-Feb-14,7-Mar-14,ARV,Pediatric,SCMS from RDC,"Efavirenz 200mg, scored tablets, 90 Tabs",Efavirenz,Generic,200mg,Tablet,90,2586,24049.8,9.3,0.1,"Strides, Bangalore, India.",Yes,164,2737.75,24.72
85729,106-HT-T30,FPQ-6484,SO-37760,DN-2073,Haiti,PMO - US,From RDC,N/A - From RDC,Air,10/13/2010,N/A - From RDC,20-Dec-10,5-Jan-11,5-Jan-11,ARV,Adult,SCMS from RDC,"Emtricitabine/Tenofovir Disoproxil Fumarate 200/300mg, tablets, 30 Tabs",Emtricitabine/Tenofovir Disoproxil Fumarate,Generic,200/300mg,Tablet - FDC,30,400,4700.0,11.75,0.39,Mylan (formerly Matrix) Nashik,No,See DN-2073 (ID#:82362),See DN-2073 (ID#:82362),10.13
17815,111-MZ-T30,FPQ-8116,SCMS-118360,ASN-12610,Mozambique,PMO - US,Direct Drop,EXW,Air,8/4/2011,8/24/2011,12-Dec-11,12-Dec-11,12-Dec-11,HRDT,HIV test,"Orgenics, Ltd","HIV 1/2, Determine HIV Kit, without Lancets, 100 Tests","HIV 1/2, Determine HIV Kit, without Lancets",Determine,,Test kit,100,7412,575912.4,77.7,0.78,Inverness Japan,Yes,2097,15891.96,950.26
85986,102-BI-T30,FPQ-12065,SO-45170,DN-3257,Burundi,PMO - US,From RDC,N/A - From RDC,Air,4/22/2013,N/A - From RDC,24-Aug-13,26-Aug-13,26-Aug-13,ARV,Adult,SCMS from RDC,"Lamivudine/Zidovudine 150/300mg, tablets, 60 Tabs",Lamivudine/Zidovudine,Generic,150/300mg,Tablet - FDC,60,8040,56280.0,7.0,0.12,Hetero Unit III Hyderabad IN,No,See DN-3257 (ID#:83148),See DN-3257 (ID#:83148),69.62
41214,109-TZ-T30,FPQ-12540,SCMS-198800,ASN-21501,Tanzania,PMO - US,Direct Drop,EXW,Air,7/3/2013,7/16/2013,4-Oct-13,4-Oct-13,4-Oct-13,ARV,Adult,MYLAN LABORATORIES LTD (FORMERLY MATRIX LABORATORIES),"Efavirenz/Emtricitabine/Tenofovir Disoproxil Fumarate 600/200/300mg, tablets, 30 Tabs",Efavirenz/Emtricitabine/Tenofovir Disoproxil Fumarate,Generic,600/200/300mg,Tablet - FDC,30,216755,2653081.2,12.24,0.41,Mylan (formerly Matrix) Nashik,Yes,28678,118541.26,3281.86
83185,105-GY-T30,FPQ-12619,SO-46090,DN-3425,Guyana,PMO - US,From RDC,N/A - From RDC,Air,7/16/2013,N/A - From RDC,31-Dec-13,2-Dec-13,20-Dec-13,ARV,Adult,SCMS from RDC,"Lamivudine 150mg, tablets, 60 Tabs",Lamivudine,Generic,150mg,Tablet,60,161,359.03,2.23,0.04,"Strides, Bangalore, India.",No,See DN-3425 (ID#:82618),See DN-3425 (ID#:82618),0.44
70207,108-VN-T30,FPQ-9577,SCMS-145530,ASN-16123,Vietnam,PMO - US,Direct Drop,EXW,Air,4/11/2012,6/12/2012,9-Oct-12,9-Oct-12,9-Oct-12,ARV,Adult,MYLAN LABORATORIES LTD (FORMERLY MATRIX LABORATORIES),"Lamivudine/Nevirapine/Zidovudine 150/200/300mg, tablets, 60 Tabs",Lamivudine/Nevirapine/Zidovudine,Generic,150/300/200mg,Tablet - FDC,60,12665,118417.75,9.35,0.16,Mylan (formerly Matrix) Nashik,No,See ASN-16123 (ID#:20371),See ASN-16123 (ID#:20371),166.02
80270,111-MZ-T30,FPQ-11915,SCMS-185200,ASN-21425,Mozambique,PMO - US,Direct Drop,EXW,Air,3/20/2013,4/11/2013,9-Oct-13,9-Oct-13,6-Nov-13,ARV,Adult,STRIDES ARCOLAB LIMITED,"Lamivudine/Stavudine 150/30mg, tablets, 60 Tabs",Lamivudine/Stavudine,Generic,150/30mg,Tablet - FDC,60,13168,38450.56,2.92,0.05,"Strides, Bangalore, India.",Yes,834,3574.24,47.56
4567,109-TZ-T01,Pre-PQ Process,SCMS-23611,ASN-2727,Tanzania,PMO - US,Direct Drop,CIP,Air,Pre-PQ Process,5/15/2008,3-Nov-08,3-Nov-08,3-Nov-08,ARV,Adult,BRISTOL-MYERS SQUIBB,"Didanosine EC 400mg [Videx EC], delayed-release capsules, Blister 3 x 10 Caps",Didanosine EC,Videx EC,400mg,Delayed-release capsules - blister,30,2597,61470.99,23.67,0.79,"BMS Meymac, France",Yes,Weight Captured Separately,Freight Included in Commodity Cost,120.48
12683,109-TZ-T01,Pre-PQ Process,SO-455,DN-290,Tanzania,PMO - US,From RDC,N/A - From RDC,,Pre-PQ Process,N/A - From RDC,10-Sep-07,10-Sep-07,10-Sep-07,ARV,Adult,SCMS from RDC,"Lopinavir/Ritonavir 200/50mg [Aluvia], tablets, 120 Tabs",Lopinavir/Ritonavir,Aluvia,200/50mg,Tablet,120,4155,170770.5,41.1,0.34,ABBVIE Ludwigshafen Germany,No,See DN-290 (ID#:10859),See DN-290 (ID#:10859),273.23
52856,108-VN-T30,FPQ-4265,SCMS-57140,ASN-6264,Vietnam,PMO - US,Direct Drop,EXW,Air,10/20/2009,11/13/2009,17-Mar-10,17-Mar-10,17-Mar-10,ARV,Adult,Aurobindo Pharma Limited,"Stavudine 30mg, capsules, 60 Caps",Stavudine,Generic,30mg,Capsule,60,24612,35687.4,1.45,0.02,"Aurobindo Unit III, India",Yes,4762,17541.06,69.95
85979,103-ZW-T30,FPQ-11478,SO-44290,DN-3232,Zimbabwe,PMO - US,From RDC,N/A - From RDC,Truck,1/16/2013,N/A - From RDC,30-Jul-13,6-Aug-13,6-Aug-13,ARV,Pediatric,SCMS from RDC,"Lamivudine/Nevirapine/Zidovudine 30/50/60mg, dispersible tablets, 60 Tabs",Lamivudine/Nevirapine/Zidovudine,Generic,30/50/60mg,Chewable/dispersible tablet - FDC,60,14217,59000.55,4.15,0.07,Mylan (formerly Matrix) Nashik,No,See DN-3232 (ID#:85378),See DN-3232 (ID#:85378),72.98
28335,102-KE-T30,FPQ-4250,SCMS-55902,ASN-5660,Kenya,PMO - US,Direct Drop,EXW,Air,9/16/2009,10/23/2009,18-Jan-10,18-Jan-10,18-Jan-10,HRDT,HIV test,"Orgenics, Ltd","HIV 1/2, Determine Complete HIV Kit, 100 Tests","HIV 1/2, Determine Complete HIV Kit",Determine,,Test kit,100,3750,300000.0,80.0,0.8,Inverness Japan,Yes,1065,10075.76,588.0
62657,101-CD-T30,FPQ-11043,SCMS-168020,ASN-18768,"Congo, DRC",PMO - US,Direct Drop,EXW,Air,11/16/2012,12/6/2012,17-Jul-13,17-Jul-13,17-Jul-13,HRDT,HIV test,"Orgenics, Ltd","HIV 1/2, Determine Complete HIV Kit, 100 Tests","HIV 1/2, Determine Complete HIV Kit",Determine,,Test kit,100,2229,178320.0,80.0,0.8,"Alere Medical Co., Ltd.",No,See ASN-18768 (ID#:62403),See ASN-18768 (ID#:62403),220.58
83263,109-TZ-T30,FPQ-13042,SO-46730,DN-3813,Tanzania,PMO - US,From RDC,N/A - From RDC,Truck,10/1/2013,N/A - From RDC,29-Aug-14,27-Aug-14,23-Sep-14,ARV,Pediatric,SCMS from RDC,"Lamivudine/Zidovudine 30/60mg, tablets, 60 Tabs",Lamivudine/Zidovudine,Generic,30/60mg,Tablet - FDC,60,15639,31121.61,1.99,0.03,Mylan (formerly Matrix) Nashik,Yes,590,5399.25,38.5
29359,116-ZA-T30,FPQ-3596,SCMS-50361,ASN-5447,South Africa,PMO - US,Direct Drop,DDP,Truck,5/7/2009,9/22/2009,8-Oct-09,8-Oct-09,8-Oct-09,ARV,Adult,S. BUYS WHOLESALER,"Efavirenz 600mg, tablets, 30 Tabs",Efavirenz,Generic,600mg,Tablet,30,10000,173493.01,17.35,0.58,"Aurobindo Unit III, India",Yes,Weight Captured Separately,Freight Included in Commodity Cost,340.05
3375,104-CI-T01,Pre-PQ Process,SCMS-29340,ASN-2921,Côte d'Ivoire,PMO - US,Direct Drop,EXW,Air,Pre-PQ Process,9/3/2008,23-Jan-09,23-Jan-09,23-Jan-09,ACT,ACT,IDA FOUNDATION,"Artesunate+Amodiaquine 50+153mg, tablets, co-blister 6+6 Tabs",Artesunate+Amodiaquine,Generic,50+153mg,Tablet - FDC + co-blister,12,50000,19500.0,0.39,0.03,Ipca Dadra/Nagar Haveli IN,No,See ASN-2921 (ID#:719),See ASN-2921 (ID#:719),38.22
10282,107-RW-T01,Pre-PQ Process,SCMS-38670,ASN-3678,Rwanda,PMO - US,Direct Drop,EXW,Air,Pre-PQ Process,2/18/2009,6-Apr-09,6-Apr-09,6-Apr-09,HRDT,HIV test,"Trinity Biotech, Plc","HIV 1/2, Uni-Gold HIV Kit, 20 Tests","HIV 1/2, Uni-Gold HIV Kit",Uni-Gold,,Test kit,20,963,30816.0,32.0,1.6,"Trinity Biotech, Plc",Yes,320,3100.66,60.4
5551,100-HT-T01,Pre-PQ Process,SCMS-15480,ASN-1403,Haiti,PMO - US,Direct Drop,EXW,Air,Pre-PQ Process,Date Not Captured,10-Mar-08,10-Mar-08,10-Mar-08,HRDT,HIV test,"Trinity Biotech, Plc","HIV 1/2, Capillus HIV Kit, 100 Tests","HIV 1/2, Capillus HIV Kit",Capillus,,Test kit,100,2,278.0,139.0,1.39,"Trinity Biotech, Plc",Yes,1,897.52,0.44
70366,104-CI-T30,FPQ-4381,SCMS-57280,ASN-6443,Côte d'Ivoire,PMO - US,Direct Drop,CIP,Air,11/5/2009,11/17/2009,16-Apr-10,16-Apr-10,16-Apr-10,ARV,Adult,MERCK SHARP & DOHME IDEA GMBH (FORMALLY MERCK SHARP & DOHME B.V.),"Efavirenz/Emtricitabine/Tenofovir Disoproxil Fumarate 600/200/300mg [Atripla], tablets, 30 Tabs",Efavirenz/Emtricitabine/Tenofovir Disoproxil Fumarate,Atripla,600/200/300mg,Tablet - FDC,30,3600,181440.0,50.4,1.68,"MSD, Haarlem, NL",Yes,402,1924.57,355.62
64558,114-UG-T30,FPQ-12477,SCMS-198541,ASN-22493,Uganda,PMO - US,Direct Drop,EXW,Air,7/8/2013,9/10/2013,16-Nov-13,16-Nov-13,21-Nov-13,ARV,Adult,CIPLA LIMITED,"Lamivudine/Nevirapine/Zidovudine 150/200/300mg, tablets, 60 Tabs",Lamivudine/Nevirapine/Zidovudine,Generic,150/300/200mg,Tablet - FDC,60,39449,319536.9,8.1,0.13,"Cipla, Goa, India",Yes,5714,20416.03,395.27
77420,102-BI-T30,FPQ-11512,SCMS-176890,ASN-18723,Burundi,PMO - US,Direct Drop,EXW,Air,1/29/2013,2/14/2013,3-Apr-13,3-Apr-13,3-Apr-13,HRDT,HIV test,"CHEMBIO DIAGNOSTIC SYSTEMS, INC.","HIV 1/2, Stat-Pak Dipstick Assay Kit, 30 Tests","HIV 1/2, Stat-Pak Dipstick Assay Kit",Stat-Pak,,Test kit,30,514,14186.4,27.6,0.92,Chembio Diagnostics Sys. Inc.,Yes,55,758.65,17.55
6896,117-ET-T01,Pre-PQ Process,SCMS-16220,ASN-1329,Ethiopia,PMO - US,Direct Drop,EXW,Air,Pre-PQ Process,1/3/2008,4-Mar-08,4-Mar-08,4-Mar-08,ARV,Adult,ASPEN PHARMACARE,"Tenofovir Disoproxil Fumarate 300mg [Viread], tablets, 30 Tabs",Tenofovir Disoproxil Fumarate,Viread,300mg,Tablet,30,14820,251940.0,17.0,0.57,"Aspen-OSD, Port Elizabeth, SA",Yes,1233,5137.76,403.1
84257,111-MZ-T30,FPQ-11033,SO-43790,DN-3102,Mozambique,PMO - US,From RDC,N/A - From RDC,Truck,11/12/2012,N/A - From RDC,1-Aug-13,1-Aug-13,1-Aug-13,ARV,Adult,SCMS from RDC,"Lamivudine/Nevirapine/Zidovudine 150/200/300mg, tablets, 60 Tabs",Lamivudine/Nevirapine/Zidovudine,Generic,150/300/200mg,Tablet - FDC,60,25400,217932.0,8.58,0.14,"Cipla, Goa, India",No,See DN-3102 (ID#:82573),See DN-3102 (ID#:82573),269.58
82743,101-CD-T30,FPQ-14576,SO-49310,DN-3954,"Congo, DRC",PMO - US,From RDC,N/A - From RDC,Air,7/14/2014,N/A - From RDC,14-Apr-15,14-Apr-15,14-Apr-15,ARV,Pediatric,SCMS from RDC,"Nevirapine 10mg/ml, oral suspension w/syringe, Bottle, 240 ml",Nevirapine,Generic,10mg/ml,Oral suspension,240,1135,1713.85,1.51,0.01,"Aurobindo Unit III, India",Yes,1165,13290.31,1.76
10821,111-MZ-T01,Pre-PQ Process,SO-293,DN-44,Mozambique,PMO - US,From RDC,N/A - From RDC,Air,Pre-PQ Process,N/A - From RDC,17-Apr-07,17-Apr-07,17-Apr-07,ARV,Adult,SCMS from RDC,"Tenofovir Disoproxil Fumarate 300mg [Viread], tablets, 30 Tabs",Tenofovir Disoproxil Fumarate,Viread,300mg,Tablet,30,2997,50949.0,17.0,0.57,Gilead(Nycomed) Oranienburg DE,No,See DN-44 (ID#:10549),See DN-44 (ID#:10549),
1086,116-ZA-T01,Pre-PQ Process,SCMS-41584,ASN-4385,South Africa,PMO - US,Direct Drop,DDP,Air,Pre-PQ Process,3/27/2009,25-Jun-09,20-Apr-09,20-Apr-09,ARV,Adult,S. BUYS WHOLESALER,"Stavudine 30mg, capsules, 60 Caps",Stavudine,Generic,30mg,Capsule,60,11672,35016.0,3.0,0.05,"Aurobindo Unit III, India",Yes,Weight Captured Separately,Freight Included in Commodity Cost,68.63
84081,200-ZW-T30,FPQ-6483,SO-39270,DN-2178,Zimbabwe,PMO - US,From RDC,N/A - From RDC,Truck,10/13/2010,N/A - From RDC,4-Apr-11,20-May-11,20-May-11,ARV,Pediatric,SCMS from RDC,"Didanosine 200mg, delayed-release capsules, 30 Caps",Didanosine,Generic,200mg,Delayed-release capsules,30,45,495.0,11.0,0.37,"Aurobindo Unit III, India",No,See DN-2178 (ID#:84080),See DN-2178 (ID#:84080),1.07
84166,102-LY-T30,FPQ-9665,SO-41900,DN-2641,Libya,PMO - US,From RDC,N/A - From RDC,Air,4/4/2012,N/A - From RDC,23-May-12,23-May-12,23-May-12,ARV,Adult,SCMS from RDC,"Lamivudine 150mg, tablets, 60 Tabs",Lamivudine,Generic,150mg,Tablet,60,8334,19418.22,2.33,0.04,Macleods Daman Plant INDIA,No,See DN-2641 (ID#:83029),See DN-2641 (ID#:83029),27.22
47432,104-CI-T30,FPQ-12622,SCMS-201213,ASN-26834,Côte d'Ivoire,PMO - US,Direct Drop,EXW,Air,7/16/2013,8/15/2013,8-Jul-14,8-Jul-14,10-Jul-14,HRDT,HIV test,"Standard Diagnostics, Inc.","HIV 1/2, Bioline 3.0 Kit, Lancets, Capillary pipets, Alcohol swabs included, 25 Tests","HIV 1/2, Bioline 3.0 Kit, Lancets, Capillary pipets, Alcohol swabs included",Bioline,,Test kit,25,1400,28700.0,20.5,0.82,"Standard Diagnostics, Korea",Yes,468,5372.87,35.5
84691,101-CD-T30,FPQ-8840,SO-41132,DN-2494,"Congo, DRC",PMO - US,From RDC,N/A - From RDC,Air,11/21/2011,N/A - From RDC,16-Mar-12,14-Feb-12,14-Feb-12,ARV,Adult,SCMS from RDC,"Efavirenz 600mg, tablets, 30 Tabs",Efavirenz,Generic,600mg,Tablet,30,27,111.24,4.12,0.14,"Strides, Bangalore, India.",No,See DN-2494 (ID#:82433),See DN-2494 (ID#:82433),0.16
21825,114-UG-T30,FPQ-12290,SCMS-192060,ASN-22498,Uganda,PMO - US,Direct Drop,FCA,Air,5/17/2013,6/13/2013,15-Nov-13,15-Nov-13,15-Nov-13,ARV,Adult,ABBVIE LOGISTICS (FORMERLY ABBOTT LOGISTICS BV),"Ritonavir 100mg [Norvir], film coated tablets, 60 Tabs",Ritonavir,Norvir,100mg,Tablet,60,417,2856.45,6.85,0.11,ABBVIE Ludwigshafen Germany,Yes,65,887.67,3.53
83208,151-NG-T30,FPQ-12801,SO-46541,DN-3542,Nigeria,PMO - US,From RDC,N/A - From RDC,Air Charter,8/6/2013,N/A - From RDC,7-Mar-14,10-Feb-14,19-Feb-14,ARV,Pediatric,SCMS from RDC,"Abacavir/Lamivudine 60/30mg, tablets, 60 Tabs",Abacavir/Lamivudine,Generic,60/30mg,Tablet - FDC,60,5985,23940.0,4.0,0.07,"Aurobindo Unit III, India",Yes,576,30936.1,29.61
85602,107-RW-T30,FPQ-16284,SO-51540,DN-4327,Rwanda,PMO - US,From RDC,N/A - From RDC,Air,5/27/2015,N/A - From RDC,18-Aug-15,6-Aug-15,11-Aug-15,ARV,Adult,SCMS from RDC,"Lamivudine/Nevirapine/Zidovudine 150/200/300mg, tablets, 60 Tabs",Lamivudine/Nevirapine/Zidovudine,Generic,150/300/200mg,Tablet - FDC,60,8998,72973.78,8.11,0.14,"Hetero, Jadcherla, unit 5, IN",No,See DN-4327 (ID#:83349),See DN-4327 (ID#:83349),85.89
23365,107-RW-T30,FPQ-3859,SCMS-48872,ASN-6489,Rwanda,PMO - US,Direct Drop,CIP,Air,6/30/2009,7/7/2009,15-Apr-10,15-Apr-10,15-Apr-10,ARV,Adult,Aurobindo Pharma Limited,"Didanosine 250mg, delayed-release capsules, 30 Caps",Didanosine,Generic,250mg,Delayed-release capsules,30,558,8174.7,14.65,0.49,"Aurobindo Unit III, India",Yes,1297,23760.45,16.02
73567,133-NG-T30,FPQ-15504,SCMS-270750,ASN-31313,Nigeria,PMO - US,Direct Drop,EXW,Air,12/8/2014,1/26/2015,22-Apr-15,22-Apr-15,22-Apr-15,HRDT,HIV test,"Trinity Biotech, Plc","HIV 1/2, Uni-Gold HIV Kit, 20 Tests","HIV 1/2, Uni-Gold HIV Kit",Uni-Gold,,Test kit,20,6705,214560.0,32.0,1.6,"Trinity Biotech, Plc",Yes,Weight Captured Separately,Invoiced Separately,252.54
11056,151-NG-T01,Pre-PQ Process,SO-30023,DN-1292,Nigeria,PMO - US,From RDC,N/A - From RDC,Air Charter,Pre-PQ Process,N/A - From RDC,16-Jun-09,16-Jun-09,16-Jun-09,ARV,Adult,SCMS from RDC,"Lamivudine/Nevirapine/Zidovudine 150/200/300mg, tablets, 60 Tabs",Lamivudine/Nevirapine/Zidovudine,Generic,150/300/200mg,Tablet - FDC,60,3994,45531.6,11.4,0.19,"Aurobindo Unit III, India",Yes,452,7329.83,89.24
10982,109-TZ-T01,Pre-PQ Process,SO-1696,DN-763,Tanzania,PMO - US,From RDC,N/A - From RDC,Air,Pre-PQ Process,N/A - From RDC,9-Jul-08,9-Jul-08,9-Jul-08,ARV,Pediatric,SCMS from RDC,"Didanosine 100mg, chewable/dispersible tablets, 60 Tabs",Didanosine,Generic,100mg,Chewable/dispersible tablet,60,11640,90210.0,7.75,0.13,"Aurobindo Unit III, India",Yes,16778,9043.65,144.34
82900,151-NG-T30,FPQ-5023,SO-36504,DN-1917,Nigeria,PMO - US,From RDC,N/A - From RDC,Air,2/10/2010,N/A - From RDC,15-Jul-10,28-Jun-10,28-Jun-10,ARV,Adult,SCMS from RDC,"Zidovudine 300mg, tablets, 60 Tabs",Zidovudine,Generic,300mg,Tablet,60,100,750.0,7.5,0.12,"Aurobindo Unit III, India",Yes,6,Freight Included in Commodity Cost,1.62
83371,154-NG-T30,FPQ-3815,SO-32272,DN-1360,Nigeria,PMO - US,From RDC,N/A - From RDC,Air Charter,5/26/2009,N/A - From RDC,31-Aug-09,4-Aug-09,4-Aug-09,ARV,Adult,SCMS from RDC,"Efavirenz 600mg, tablets, 30 Tabs",Efavirenz,Generic,600mg,Tablet,30,277,1897.45,6.85,0.23,"Aurobindo Unit III, India",Yes,54,7445.8,3.72
11738,100-ZW-T01,Pre-PQ Process,SO-720,DN-269,Zimbabwe,PMO - US,From RDC,N/A - From RDC,Truck,Pre-PQ Process,N/A - From RDC,17-Aug-07,17-Aug-07,17-Aug-07,ARV,Adult,SCMS from RDC,"Lamivudine/Stavudine 150/30mg, tablets, 30 Tabs",Lamivudine/Stavudine,Generic,150/30mg,Tablet - FDC,30,6400,12800.0,2.0,0.07,"Cipla, Goa, India",Yes,570,5348,20.48
11737,120-AO-T01,Pre-PQ Process,SO-779,DN-249,Angola,PMO - US,From RDC,N/A - From RDC,Truck,Pre-PQ Process,N/A - From RDC,15-Oct-07,15-Oct-07,15-Oct-07,HRDT,HIV test,SCMS from RDC,"HIV 1/2, Uni-Gold HIV Kit, 20 Tests","HIV 1/2, Uni-Gold HIV Kit",Uni-Gold,,Test kit,20,150,4800.0,32.0,1.6,"Trinity Biotech, Plc",Yes,54,952.04,7.68
8645,116-ZA-T01,Pre-PQ Process,SCMS-28830,ASN-2503,South Africa,PMO - US,Direct Drop,DDP,Truck,Pre-PQ Process,Date Not Captured,25-Aug-08,14-Aug-08,14-Aug-08,ARV,Adult,S. BUYS WHOLESALER,"Efavirenz 600mg, tablets, 30 Tabs",Efavirenz,Generic,600mg,Tablet,30,1500,24300.0,16.2,0.54,"Cipla, Goa, India",No,Weight Captured Separately,Freight Included in Commodity Cost,38.88
32973,116-ZA-T30,FPQ-14942,SCMS-259078,ASN-33473,South Africa,PMO - US,Direct Drop,DDP,Truck,9/11/2014,10/9/2014,24-Jul-15,24-Jul-15,24-Jul-15,ARV,Adult,PHARMACY DIRECT,"Raltegravir 400mg [Isentress], tablets, 60 Tabs",Raltegravir,Isentress,400mg,Tablet,60,30,1972.56,65.75,1.1,"MSD, Haarlem, NL",No,Weight Captured Separately,Freight Included in Commodity Cost,2.03
3081,116-ZA-T01,Pre-PQ Process,SCMS-19800,ASN-1665,South Africa,PMO - US,Direct Drop,DDP,Truck,Pre-PQ Process,2/20/2008,24-Apr-08,24-Apr-08,24-Apr-08,ARV,Adult,S. BUYS WHOLESALER,"Efavirenz 600mg, tablets, 30 Tabs",Efavirenz,Generic,600mg,Tablet,30,2500,37500.0,15.0,0.5,"Cipla, Goa, India",No,Weight Captured Separately,Freight Included in Commodity Cost,60.0
84130,101-CD-T30,FPQ-8840,SO-41130,DN-2492,"Congo, DRC",PMO - US,From RDC,N/A - From RDC,Air,11/21/2011,N/A - From RDC,16-Mar-12,14-Feb-12,14-Feb-12,ARV,Adult,SCMS from RDC,"Nevirapine 200mg, tablets, 60 Tabs",Nevirapine,Generic,200mg,Tablet,60,26,67.08,2.58,0.04,"Strides, Bangalore, India.",No,See DN-2492 (ID#:82999),See DN-2492 (ID#:82999),0.09
79710,202-GT-T30,FPQ-6964,SCMS-96140,ASN-9516,Guatemala,PMO - US,Direct Drop,FCA,Air,12/29/2010,1/5/2011,3-Mar-11,3-Mar-11,3-Mar-11,ARV,Adult,Hoffmann-La Roche ltd Basel,"Saquinavir 500mg [Invirase], tablets, 120 Tabs",Saquinavir,Invirase,500mg,Tablet,120,188,44639.99,237.45,1.98,Roche Madrid,Yes,33,660.3,73.66
85707,104-CI-T30,FPQ-5925,SO-37142,DN-2013,Côte d'Ivoire,PMO - US,From RDC,N/A - From RDC,Truck,6/23/2010,N/A - From RDC,30-Sep-10,25-Sep-10,25-Sep-10,ARV,Adult,SCMS from RDC,"Lamivudine/Stavudine 150/30mg, tablets, 60 Tabs",Lamivudine/Stavudine,Generic,150/30mg,Tablet - FDC,60,2376,7793.28,3.28,0.05,Mylan (formerly Matrix) Nashik,Yes,189,8953.21,16.8
5037,116-ZA-T01,Pre-PQ Process,SCMS-40880,ASN-3610,South Africa,PMO - US,Direct Drop,DDP,Air,Pre-PQ Process,Date Not Captured,7-Jul-09,2-Feb-09,2-Feb-09,ARV,Adult,S. BUYS WHOLESALER,"Efavirenz 600mg, tablets, 30 Tabs",Efavirenz,Generic,600mg,Tablet,30,3414,49810.26,14.59,0.49,"Cipla, Goa, India",Yes,Weight Captured Separately,Freight Included in Commodity Cost,97.63
8604,108-VN-T01,Pre-PQ Process,SCMS-27310,ASN-2809,Vietnam,PMO - US,Direct Drop,EXW,Air,Pre-PQ Process,7/24/2008,24-Nov-08,24-Nov-08,24-Nov-08,ARV,Adult,Aurobindo Pharma Limited,"Abacavir 300mg, tablets, 60 Tabs",Abacavir,Generic,300mg,Tablet,60,380,8930.0,23.5,0.39,"Aurobindo Unit III, India",No,See ASN-2809 (ID#:1955),See ASN-2809 (ID#:1955),17.5
60104,104-CI-T30,FPQ-3882,SCMS-51800,ASN-5652,Côte d'Ivoire,PMO - US,Direct Drop,CIP,Air,7/24/2009,8/21/2009,6-Jan-10,6-Jan-10,6-Jan-10,ARV,Adult,GLAXOSMITHKLINE EXPORT LIMITED,"Abacavir/Lamivudine/Zidovudine 300/150/300mg [Trizivir], tablets, 60 Tabs",Abacavir/Lamivudine/Zidovudine,Trizivir,300/150/300mg,Tablet - FDC,60,4640,249214.4,53.71,0.9,GSK Ware (UK),Yes,685,1807.36,488.46
10705,106-HT-T01,Pre-PQ Process,SO-2057,DN-691,Haiti,PMO - US,From RDC,N/A - From RDC,Air,Pre-PQ Process,N/A - From RDC,2-Apr-08,2-Apr-08,2-Apr-08,ARV,Adult,SCMS from RDC,"Lamivudine 150mg, tablets, 60 Tabs",Lamivudine,Generic,150mg,Tablet,60,10283,29923.53,2.91,0.05,"Aurobindo Unit III, India",Yes,519,5974.7,47.88
46127,107-RW-T30,FPQ-6341,SCMS-84990,ASN-11548,Rwanda,PMO - US,Direct Drop,EXW,Ocean,9/3/2010,9/28/2010,17-Oct-11,17-Oct-11,17-Oct-11,ARV,Adult,HETERO LABS LIMITED,"Nevirapine 200mg, tablets, 60 Tabs",Nevirapine,Generic,200mg,Tablet,60,236925,575727.75,2.43,0.04,Hetero Unit III Hyderabad IN,Yes,13622,82095.85,1241.27
85454,111-MZ-T30,FPQ-13575,SO-47701,DN-3623,Mozambique,PMO - US,From RDC,N/A - From RDC,Truck,1/17/2014,N/A - From RDC,31-Aug-14,3-Jun-14,11-Jun-14,ARV,Adult,SCMS from RDC,"Lamivudine/Tenofovir Disoproxil Fumarate 300/300mg, tablets, 30 Tabs",Lamivudine/Tenofovir Disoproxil Fumarate,Generic,300/300mg,Tablet - FDC,30,3456,16243.2,4.7,0.16,Hetero Unit III Hyderabad IN,Yes,358,3590,16.7
86238,154-NG-T30,FPQ-3815,SO-32260,DN-1452,Nigeria,PMO - US,From RDC,N/A - From RDC,Air Charter,5/26/2009,N/A - From RDC,30-Oct-09,20-Oct-09,20-Oct-09,ARV,Adult,SCMS from RDC,"Efavirenz 600mg, tablets, 30 Tabs",Efavirenz,Generic,600mg,Tablet,30,380,2363.6,6.22,0.21,"Aurobindo Unit III, India",No,See DN-1452 (ID#:82272),See DN-1452 (ID#:82272),4.63
82397,111-MZ-T30,FPQ-7053,SO-40180,DN-2317,Mozambique,PMO - US,From RDC,N/A - From RDC,Truck,1/24/2011,N/A - From RDC,2-Nov-11,2-Nov-11,2-Nov-11,ARV,Adult,SCMS from RDC,"Lamivudine/Nevirapine/Zidovudine 150/200/300mg, tablets, 60 Tabs",Lamivudine/Nevirapine/Zidovudine,Generic,150/300/200mg,Tablet - FDC,60,119098,1336279.56,11.22,0.19,"Aurobindo Unit III, India",Yes,15808,11969.68,2204.86
71909,104-CI-T30,FPQ-10764,SCMS-162871,ASN-19031,Côte d'Ivoire,PMO - US,Direct Drop,EXW,Air,10/10/2012,10/22/2012,19-Apr-13,19-Apr-13,19-Apr-13,HRDT,HIV test,BIO-RAD LABORATORIES (FRANCE),"HIV 1/2, Genie III Kit, 50 Tests","HIV 1/2, Genie III Kit",Genie,,Test kit,50,300,27300.0,91.0,1.82,Bio-Rad Laboratories,Yes,160,2595.63,38.27
86810,114-UG-T30,FPQ-15294,SO-50054,DN-4265,Uganda,PMO - US,From RDC,N/A - From RDC,Truck,11/3/2014,N/A - From RDC,15-Jun-15,4-Jun-15,15-Jun-15,ARV,Pediatric,SCMS from RDC,"Efavirenz 200mg, scored tablets, 90 Tabs",Efavirenz,Generic,200mg,Tablet,90,6312,34716.0,5.5,0.06,"Strides, Bangalore, India.",No,See DN-4265 (ID#:83335),See DN-4265 (ID#:83335),40.86
8464,116-ZA-T01,Pre-PQ Process,SCMS-23500,ASN-2293,South Africa,PMO - US,Direct Drop,DDP,Truck,Pre-PQ Process,Date Not Captured,20-Aug-08,8-May-08,8-May-08,ARV,Adult,S. BUYS WHOLESALER,"Didanosine EC 400mg [Videx EC], delayed-release capsules, Blister 3 x 10 Caps",Didanosine EC,Videx EC,400mg,Delayed-release capsules - blister,30,80,1968.0,24.6,0.82,"BMS Meymac, France",No,Weight Captured Separately,Freight Included in Commodity Cost,3.15
61882,161-ZA-T30,FPQ-5303,SCMS-68950,ASN-7130,South Africa,PMO - US,Direct Drop,DDP,Air,3/18/2010,3/19/2010,11-Jun-10,11-Jun-10,11-Jun-10,ARV,Adult,Aurobindo Pharma Limited,"Lamivudine 150mg, tablets, 60 Tabs",Lamivudine,Generic,150mg,Tablet,60,2,5.06,2.53,0.04,"Aurobindo Unit III, India",Yes,1,4116.81,0.01
82510,107-RW-T30,FPQ-9888,SO-42130,DN-2856,Rwanda,PMO - US,From RDC,N/A - From RDC,Air,5/11/2012,N/A - From RDC,30-Oct-12,30-Oct-12,30-Oct-12,ARV,Adult,SCMS from RDC,"Abacavir 300mg, tablets, 60 Tabs",Abacavir,Generic,300mg,Tablet,60,18620,244853.0,13.15,0.22,Mylan (formerly Matrix) Nashik,Yes,1928,5825.17,343.28
85222,101-CD-T30,FPQ-8840,SO-41134,DN-2496,"Congo, DRC",PMO - US,From RDC,N/A - From RDC,Air,11/21/2011,N/A - From RDC,16-Mar-12,14-Feb-12,14-Feb-12,ARV,Adult,SCMS from RDC,"Abacavir 300mg, tablets, 60 Tabs",Abacavir,Generic,300mg,Tablet,60,17,248.71,14.63,0.24,Mylan (formerly Matrix) Nashik,No,See DN-2496 (ID#:82434),See DN-2496 (ID#:82434),0.35
85809,110-ZM-T30,FPQ-7667,SO-40242,DN-2457,Zambia,PMO - US,From RDC,N/A - From RDC,Truck,7/26/2011,N/A - From RDC,10-Jan-12,20-Jan-12,20-Jan-12,ARV,Pediatric,SCMS from RDC,"Nevirapine 10mg/ml, oral suspension w/syringe, Bottle, 240 ml",Nevirapine,Generic,10mg/ml,Oral suspension,240,8000,15600.0,1.95,0.01,"Aurobindo Unit III, India",Yes,3088,6476.69,25.74
10546,112-NG-T01,Pre-PQ Process,SO-341,DN-93,Nigeria,PMO - US,From RDC,N/A - From RDC,,Pre-PQ Process,N/A - From RDC,17-Apr-07,17-Apr-07,17-Apr-07,ARV,Pediatric,SCMS from RDC,"Nevirapine 10mg/ml, oral suspension, Bottle, 240 ml",Nevirapine,Generic,10mg/ml,Oral suspension,240,1216,4256.0,3.5,0.01,"Aurobindo Unit III, India",Yes,840,3736,
85823,113-ZW-T30,FPQ-7052,SO-38520,DN-2519,Zimbabwe,PMO - US,From RDC,N/A - From RDC,Truck,1/19/2011,N/A - From RDC,29-Feb-12,16-Feb-12,16-Feb-12,ARV,Adult,SCMS from RDC,"Lamivudine/Tenofovir Disoproxil Fumarate 300/300mg, tablets, 30 Tabs",Lamivudine/Tenofovir Disoproxil Fumarate,Generic,300/300mg,Tablet - FDC,30,10114,61493.12,6.08,0.2,Mylan (formerly Matrix) Nashik,No,See DN-2519 (ID#:84141),See DN-2519 (ID#:84141),101.46
84556,114-UG-T30,FPQ-4495,SO-34940,DN-1801,Uganda,PMO - US,From RDC,N/A - From RDC,Air,10/28/2009,N/A - From RDC,3-May-10,3-May-10,3-May-10,ARV,Adult,SCMS from RDC,"Efavirenz 600mg, tablets, 30 Tabs",Efavirenz,Generic,600mg,Tablet,30,1621,7699.75,4.75,0.16,Mylan (formerly Matrix) Nashik,No,See DN-1801 (ID#:83423),See DN-1801 (ID#:83423),16.6
85736,109-TZ-T30,FPQ-5436,SO-36610,DN-2102,Tanzania,PMO - US,From RDC,N/A - From RDC,Air,4/1/2010,N/A - From RDC,28-Feb-11,28-Feb-11,28-Feb-11,ARV,Pediatric,SCMS from RDC,"Didanosine 100mg, chewable/dispersible tablets, 60 Tabs",Didanosine,Generic,100mg,Chewable/dispersible tablet,60,625,4825.0,7.72,0.13,"Aurobindo Unit III, India",No,See DN-2102 (ID#:85176),See DN-2102 (ID#:85176),10.4
86337,106-HT-T30,FPQ-5523,SO-36741,DN-2015,Haiti,PMO - US,From RDC,N/A - From RDC,Air,4/19/2010,N/A - From RDC,30-Sep-10,7-Oct-10,7-Oct-10,ARV,Pediatric,SCMS from RDC,"Efavirenz 50mg, capsule, 30 Caps",Efavirenz,Generic,50mg,Capsule,30,70,156.8,2.24,0.07,"Aurobindo Unit III, India",No,See DN-2015 (ID#:82917),See DN-2015 (ID#:82917),0.34
12005,110-ZM-T01,Pre-PQ Process,SO-32480,DN-1405,Zambia,PMO - US,From RDC,N/A - From RDC,Truck,Date Not Captured,N/A - From RDC,22-Sep-09,22-Sep-09,22-Sep-09,ARV,Adult,SCMS from RDC,"Lamivudine/Nevirapine/Stavudine 150/200/30mg, tablets, 60 Tabs",Lamivudine/Nevirapine/Stavudine,Generic,150/200/30mg,Tablet - FDC,60,52481,373664.72,7.12,0.12,"Cipla, Goa, India",Yes,5586,6759.28,732.38
78071,108-VN-T30,FPQ-5065,SCMS-65030,ASN-6208,Vietnam,PMO - US,Direct Drop,EXW,Air,2/10/2010,2/10/2010,26-Mar-10,26-Mar-10,26-Mar-10,ARV,Adult,Aurobindo Pharma Limited,"Didanosine 250mg, delayed-release capsules, 30 Caps",Didanosine,Generic,250mg,Delayed-release capsules,30,252,3276.0,13.0,0.43,"Aurobindo Unit III, India",Yes,17,436.62,7.06
15879,107-RW-T30,FPQ-6341,SCMS-84940,ASN-10070,Rwanda,PMO - US,Direct Drop,EXW,Ocean,9/3/2010,9/29/2010,27-Apr-11,27-Apr-11,27-Apr-11,ARV,Adult,MYLAN LABORATORIES LTD (FORMERLY MATRIX LABORATORIES),"Lamivudine/Tenofovir Disoproxil Fumarate 300/300mg, tablets, 30 Tabs",Lamivudine/Tenofovir Disoproxil Fumarate,Generic,300/300mg,Tablet - FDC,30,117359,997551.5,8.5,0.28,Mylan (formerly Matrix) Nashik,Yes,10329,32530.22,2150.72
82327,104-CI-T30,FPQ-4659,SO-35580,DN-1867,Côte d'Ivoire,PMO - US,From RDC,N/A - From RDC,Air,12/8/2009,N/A - From RDC,28-Jun-10,21-Jun-10,21-Jun-10,ARV,Adult,SCMS from RDC,"Stavudine 20mg, capsules, 60 Caps",Stavudine,Generic,20mg,Capsule,60,1620,2316.6,1.43,0.02,"Aurobindo Unit III, India",No,See DN-1867 (ID#:82326),See DN-1867 (ID#:82326),4.99
82458,900-SS-T30,FPQ-8624,SO-41080,DN-2581,South Sudan,PMO - US,From RDC,N/A - From RDC,Air,11/4/2011,N/A - From RDC,21-Mar-12,8-Mar-12,8-Mar-12,ARV,Adult,SCMS from RDC,"Lamivudine/Zidovudine 150/300mg, tablets, 60 Tabs",Lamivudine/Zidovudine,Generic,150/300mg,Tablet - FDC,60,250,2065.0,8.26,0.14,"Aurobindo Unit III, India",No,See DN-2581 (ID#:82457),See DN-2581 (ID#:82457),2.9
84763,151-NG-T30,FPQ-9968,SO-42688,DN-2907,Nigeria,PMO - US,From RDC,N/A - From RDC,Air,5/23/2012,N/A - From RDC,6-Nov-12,6-Nov-12,6-Nov-12,ARV,Adult,SCMS from RDC,"Lamivudine 150mg, tablets, 60 Tabs",Lamivudine,Generic,150mg,Tablet,60,12847,27749.52,2.16,0.04,Hetero Unit III Hyderabad IN,Yes,798,15459.09,38.9
52646,105-GY-T30,FPQ-8025,SCMS-116170,ASN-12905,Guyana,PMO - US,Direct Drop,FCA,Air,7/11/2011,7/27/2011,30-Nov-11,30-Nov-11,30-Nov-11,ARV,Pediatric,ABBVIE LOGISTICS (FORMERLY ABBOTT LOGISTICS BV),"Lopinavir/Ritonavir 80/20mg/ml [Kaletra], oral solution, cool, Bottle 5 x 60 ml",Lopinavir/Ritonavir,Kaletra,80/20mg/ml,Oral solution,300,51,4192.2,82.2,0.27,ABBVIE (Abbott) Logis. UK,Yes,99,1454.81,6.92
34028,107-RW-T30,FPQ-4047,SCMS-50840,ASN-7094,Rwanda,PMO - US,Direct Drop,CIP,Air,7/28/2009,8/18/2009,13-Jun-10,13-Jun-10,13-Jun-10,ARV,Adult,HETERO LABS LIMITED,"Lamivudine 150mg, tablets, 60 Tabs",Lamivudine,Generic,150mg,Tablet,60,4500,11655.0,2.59,0.04,Hetero Unit III Hyderabad IN,Yes,277,1393.42,22.84
84713,102-BI-T30,FPQ-9229,SO-41540,DN-2595,Burundi,PMO - US,From RDC,N/A - From RDC,Air,1/25/2012,N/A - From RDC,26-Apr-12,9-Apr-12,9-Apr-12,ARV,Pediatric,SCMS from RDC,"Lamivudine 10mg/ml, oral solution w/syringe, Bottle, 240 ml",Lamivudine,Generic,10mg/ml,Oral solution,240,240,444.0,1.85,0.01,"Aurobindo Unit III, India",No,See DN-2595 (ID#:83577),See DN-2595 (ID#:83577),0.62
82305,151-NG-T30,FPQ-4537,SO-35054,DN-1716,Nigeria,PMO - US,From RDC,N/A - From RDC,Air Charter,11/6/2009,N/A - From RDC,19-Apr-10,31-Mar-10,31-Mar-10,ARV,Adult,SCMS from RDC,"Lamivudine/Zidovudine 150/300mg, tablets, 60 Tabs",Lamivudine/Zidovudine,Generic,150/300mg,Tablet - FDC,60,155,1357.8,8.76,0.15,"Aurobindo Unit III, India",Yes,14,Freight Included in Commodity Cost,2.93
79445,102-SD-T30,FPQ-8264,SCMS-121841,ASN-12829,Sudan,PMO - US,Direct Drop,EXW,Air,9/7/2011,9/14/2011,6-Jan-12,6-Jan-12,6-Jan-12,HRDT,HIV test - Ancillary,"Orgenics, Ltd","Capillary Tubes, for Determine, EDTA, 50uL,100 Pcs","HIV, Capillary Tubes, for Determine, EDTA, 50uL,100 Pcs",Determine,,Test kit - Ancillary,100,4,32.0,8.0,0.08,"Alere Medical Co., Ltd.",Yes,Weight Captured Separately,878.34,0.05
10672,111-MZ-T01,Pre-PQ Process,SO-1613,DN-599,Mozambique,PMO - US,From RDC,N/A - From RDC,Air,Pre-PQ Process,N/A - From RDC,10-Mar-08,10-Mar-08,10-Mar-08,ARV,Adult,SCMS from RDC,"Lamivudine 150mg, tablets, 60 Tabs",Lamivudine,Generic,150mg,Tablet,60,2106,6402.24,3.04,0.05,"Ranbaxy, Paonta Shahib, India",Yes,113,919.2,10.24
83968,151-NG-T30,FPQ-4105,SO-33140,DN-1562,Nigeria,PMO - US,From RDC,N/A - From RDC,Air Charter,8/13/2009,N/A - From RDC,18-Dec-09,18-Dec-09,18-Dec-09,ARV,Adult,SCMS from RDC,"Lamivudine/Nevirapine/Zidovudine 150/200/300mg, tablets, 60 Tabs",Lamivudine/Nevirapine/Zidovudine,Generic,150/300/200mg,Tablet - FDC,60,28000,317800.0,11.35,0.19,"Aurobindo Unit III, India",Yes,3239,11637.64,622.89
83848,109-TZ-T30,FPQ-13566,SO-47661,DN-3968,Tanzania,PMO - US,From RDC,N/A - From RDC,Air,1/15/2014,N/A - From RDC,30-Jan-15,17-Dec-14,18-Dec-14,ARV,Pediatric,SCMS from RDC,"Lamivudine/Nevirapine/Zidovudine 30/50/60mg, dispersible tablets, 60 Tabs",Lamivudine/Nevirapine/Zidovudine,Generic,30/50/60mg,Chewable/dispersible tablet - FDC,60,31153,116823.75,3.75,0.06,Mylan (formerly Matrix) Nashik,Yes,1739,10506.44,120.09
84814,151-NG-T30,FPQ-11022,SO-43851,DN-3143,Nigeria,PMO - US,From RDC,N/A - From RDC,Air Charter,11/15/2012,N/A - From RDC,4-Jun-13,3-May-13,3-May-13,ARV,Adult,SCMS from RDC,"Efavirenz 600mg, tablets, 30 Tabs",Efavirenz,Generic,600mg,Tablet,30,80000,266400.0,3.33,0.11,"Strides, Bangalore, India.",Yes,4847,14547.55,329.54
66967,161-ZA-T30,FPQ-6262,SCMS-83830,ASN-8905,South Africa,PMO - US,Direct Drop,DDP,Ocean,8/31/2010,9/24/2010,6-Jan-11,6-Jan-11,6-Jan-11,ARV,Adult,Aurobindo Pharma Limited,"Tenofovir Disoproxil Fumarate 300mg, tablets, 30 Tabs",Tenofovir Disoproxil Fumarate,Generic,300mg,Tablet,30,116857,777099.05,6.65,0.22,"Aurobindo Unit III, India",Yes,10907,7905.94,1675.43
11401,107-RW-T01,Pre-PQ Process,SO-240,DN-150,Rwanda,PMO - US,From RDC,N/A - From RDC,Air,Pre-PQ Process,N/A - From RDC,22-May-07,22-May-07,22-May-07,HRDT,HIV test,SCMS from RDC,"HIV 1/2/O, First Response HIV 1-2.0, v.3.0 Cards Kit, 30 Tests","HIV 1/2/O, First Response HIV 1-2.0, v.3.0 Cards Kit",First Response,,Test kit,30,2000,42000.0,21.0,0.7,Premier Med. Corp Ltd. India,Yes,Weight Captured Separately,2805.51,
29427,108-VN-T30,FPQ-6384,SCMS-87760,ASN-9568,Vietnam,PMO - US,Direct Drop,EXW,Air,9/30/2010,10/14/2010,28-Feb-11,28-Feb-11,28-Feb-11,ARV,Adult,MYLAN LABORATORIES LTD (FORMERLY MATRIX LABORATORIES),"Tenofovir Disoproxil Fumarate 300mg, tablets, 30 Tabs",Tenofovir Disoproxil Fumarate,Generic,300mg,Tablet,30,3696,24948.0,6.75,0.22,Mylan (formerly Matrix) Nashik,Yes,314,4885.33,53.79
13379,103-MW-T30,FPQ-10790,SCMS-163880,ASN-17939,Malawi,PMO - US,Direct Drop,EXW,Ocean,10/17/2012,10/31/2012,21-Jun-13,21-Jun-13,21-Jun-13,ARV,Adult,MYLAN LABORATORIES LTD (FORMERLY MATRIX LABORATORIES),"Efavirenz/Lamivudine/Tenofovir Disoproxil Fumarate 600/300/300mg, tablets, 30 Tabs",Efavirenz/Lamivudine/Tenofovir Disoproxil Fumarate,Generic,600/300/300mg,Tablet - FDC,30,243800,2801262.0,11.49,0.38,Mylan (formerly Matrix) Nashik,Yes,27549,24875.46,3465.16
11944,117-ET-T01,Pre-PQ Process,SO-22000,DN-1060,Ethiopia,PMO - US,From RDC,N/A - From RDC,Air,Pre-PQ Process,N/A - From RDC,18-Feb-09,18-Feb-09,18-Feb-09,ARV,Adult,SCMS from RDC,"Lamivudine/Nevirapine/Stavudine 150/200/30mg, tablets, 60 Tabs",Lamivudine/Nevirapine/Stavudine,Generic,150/200/30mg,Tablet - FDC,60,2855,20327.6,7.12,0.12,"Cipla, Goa, India",No,See DN-1060 (ID#:11618),See DN-1060 (ID#:11618),39.84
85815,101-CD-T30,FPQ-8840,SO-41131,DN-2493,"Congo, DRC",PMO - US,From RDC,N/A - From RDC,Air,11/21/2011,N/A - From RDC,16-Mar-12,14-Feb-12,14-Feb-12,ARV,Adult,SCMS from RDC,"Lopinavir/Ritonavir 200/50mg, tablets, 120 Tabs",Lopinavir/Ritonavir,Generic,200/50mg,Tablet,120,23,776.02,33.74,0.28,"Aurobindo Unit III, India",No,See DN-2493 (ID#:82432),See DN-2493 (ID#:82432),1.09
85845,102-BI-T30,FPQ-9229,SO-41530,DN-2594,Burundi,PMO - US,From RDC,N/A - From RDC,Air,1/25/2012,N/A - From RDC,26-Apr-12,4-May-12,4-May-12,ARV,Adult,SCMS from RDC,"Lamivudine/Nevirapine/Zidovudine 150/200/300mg, tablets, 60 Tabs",Lamivudine/Nevirapine/Zidovudine,Generic,150/300/200mg,Tablet - FDC,60,10000,110000.0,11.0,0.18,Mylan (formerly Matrix) Nashik,No,See DN-2594 (ID#:83021),See DN-2594 (ID#:83021),154.22
83587,102-BI-T30,FPQ-9229,SO-41531,DN-2636,Burundi,PMO - US,From RDC,N/A - From RDC,Air,1/25/2012,N/A - From RDC,26-Apr-12,4-May-12,4-May-12,ARV,Adult,SCMS from RDC,"Lamivudine/Zidovudine 150/300mg, tablets, 60 Tabs",Lamivudine/Zidovudine,Generic,150/300mg,Tablet - FDC,60,1728,13824.0,8.0,0.13,Hetero Unit III Hyderabad IN,Yes,Weight Captured Separately,Invoiced Separately,19.38
86365,114-UG-T30,FPQ-6614,SO-37990,DN-2077,Uganda,PMO - US,From RDC,N/A - From RDC,Air,10/31/2010,N/A - From RDC,8-Feb-11,23-Dec-10,23-Dec-10,ARV,Adult,SCMS from RDC,"Efavirenz 600mg, tablets, 30 Tabs",Efavirenz,Generic,600mg,Tablet,30,2550,11526.0,4.52,0.15,"Emcure Plot No.P-2, I.T-B.T. Park, Phase II, MIDC, Hinjwadi, Pune, India",No,See DN-2077 (ID#:82369),See DN-2077 (ID#:82369),19.02
86575,110-ZM-T30,FPQ-10728,SO-43460,DN-3186,Zambia,PMO - US,From RDC,N/A - From RDC,Truck,10/5/2012,N/A - From RDC,28-Jun-13,7-Jun-13,7-Jun-13,ARV,Adult,SCMS from RDC,"Lamivudine/Zidovudine 150/300mg, tablets, 60 Tabs",Lamivudine/Zidovudine,Generic,150/300mg,Tablet - FDC,60,12873,90111.0,7.0,0.12,"Cipla, Goa, India",No,See DN-3186 (ID#:83688),See DN-3186 (ID#:83688),126.34
82052,161-ZA-T30,FPQ-5648,SCMS-75980,ASN-8791,South Africa,PMO - US,Direct Drop,DDP,Ocean,6/2/2010,6/17/2010,20-Dec-10,12-Jan-11,12-Jan-11,ARV,Adult,Aurobindo Pharma Limited,"Tenofovir Disoproxil Fumarate 300mg, tablets, 30 Tabs",Tenofovir Disoproxil Fumarate,Generic,300mg,Tablet,30,11711,80923.01,6.91,0.23,"Aurobindo Unit III, India",Yes,1093,5460.48,174.47
82352,110-ZM-T30,FPQ-5702,SO-36841,DN-2018,Zambia,PMO - US,From RDC,N/A - From RDC,Truck,5/20/2010,N/A - From RDC,4-Nov-10,12-Oct-10,12-Oct-10,ARV,Adult,SCMS from RDC,"Emtricitabine/Tenofovir Disoproxil Fumarate 200/300mg, tablets, 30 Tabs",Emtricitabine/Tenofovir Disoproxil Fumarate,Generic,200/300mg,Tablet - FDC,30,140554,1651509.5,11.75,0.39,Mylan (formerly Matrix) Nashik,Yes,16961,16981.15,3560.65
82383,113-ZW-T30,FPQ-6470,SO-37860,DN-2223,Zimbabwe,PMO - US,From RDC,N/A - From RDC,Truck,10/13/2010,N/A - From RDC,31-May-11,30-Jun-11,30-Jun-11,ARV,Adult,SCMS from RDC,"Efavirenz 600mg, tablets, 30 Tabs",Efavirenz,Generic,600mg,Tablet,30,6392,27741.28,4.34,0.14,"Aurobindo Unit III, India",Yes,571,4428.06,59.81
61563,108-VN-T30,FPQ-5899,SCMS-77600,ASN-7782,Vietnam,PMO - US,Direct Drop,FCA,Air,6/23/2010,7/1/2010,13-Sep-10,13-Sep-10,13-Sep-10,ARV,Adult,ABBVIE LOGISTICS (FORMERLY ABBOTT LOGISTICS BV),"Ritonavir 100mg [Norvir], capsules, cool, 4 x 84 Caps",Ritonavir,Norvir,100mg,Capsule,336,56,17185.28,306.88,0.91,ABBVIE (Abbott) Logis. UK,Yes,168,4092.21,37.05
10613,117-ET-T01,Pre-PQ Process,SO-914,DN-332,Ethiopia,PMO - US,From RDC,N/A - From RDC,,Pre-PQ Process,N/A - From RDC,4-Sep-07,4-Sep-07,4-Sep-07,ARV,Pediatric,SCMS from RDC,"Zidovudine 10mg/ml, oral solution, Bottle, 240 ml",Zidovudine,Generic,10mg/ml,Oral solution,240,13850,29777.5,2.15,0.01,"Aurobindo Unit III, India",Yes,35216,88801,47.64
82887,105-GY-T30,FPQ-5599,SO-36700,DN-1838,Guyana,PMO - US,From RDC,N/A - From RDC,Air,4/28/2010,N/A - From RDC,7-Jun-10,27-May-10,27-May-10,ARV,Adult,SCMS from RDC,"Efavirenz 600mg, tablets, 30 Tabs",Efavirenz,Generic,600mg,Tablet,30,3604,17119.0,4.75,0.16,"Aurobindo Unit III, India",Yes,499,5783.6,36.91
85759,110-ZM-T30,FPQ-6222,SO-38600,DN-2196,Zambia,PMO - US,From RDC,N/A - From RDC,Truck,8/20/2010,N/A - From RDC,14-Apr-11,10-Jun-11,10-Jun-11,ARV,Adult,SCMS from RDC,"Efavirenz 600mg, tablets, 30 Tabs",Efavirenz,Generic,600mg,Tablet,30,170858,721020.76,4.22,0.14,Hetero Unit III Hyderabad IN,No,See DN-2196 (ID#:84086),See DN-2196 (ID#:84086),1554.52
11535,109-TZ-T01,Pre-PQ Process,SO-1942,DN-654,Tanzania,PMO - US,From RDC,N/A - From RDC,,Pre-PQ Process,N/A - From RDC,28-Mar-08,28-Mar-08,28-Mar-08,ARV,Adult,SCMS from RDC,"Efavirenz 600mg, tablets, 30 Tabs",Efavirenz,Generic,600mg,Tablet,30,49997,620962.74,12.42,0.41,"Aurobindo Unit III, India",Yes,4345,14637,993.54
84497,154-NG-T30,FPQ-3815,SO-32270,DN-1311,Nigeria,PMO - US,From RDC,N/A - From RDC,Air Charter,5/26/2009,N/A - From RDC,30-Jul-09,4-Aug-09,4-Aug-09,ARV,Adult,SCMS from RDC,"Zidovudine 300mg, tablets, 60 Tabs",Zidovudine,Generic,300mg,Tablet,60,98,737.94,7.53,0.13,"Aurobindo Unit III, India",No,See DN-1311 (ID#:82837),See DN-1311 (ID#:82837),1.45
12853,123-NG-T01,Pre-PQ Process,SO-11230,DN-883,Nigeria,PMO - US,From RDC,N/A - From RDC,Air,Pre-PQ Process,N/A - From RDC,24-Aug-08,24-Aug-08,24-Aug-08,ARV,Adult,SCMS from RDC,"Emtricitabine/Tenofovir Disoproxil Fumarate 200/300mg [Truvada], tablets, 30 Tabs",Emtricitabine/Tenofovir Disoproxil Fumarate,Truvada,300/200mg,Tablet - FDC,30,12696,333270.0,26.25,0.88,"Aspen-OSD, Port Elizabeth, SA",Yes,1114,7641.1,533.23
82865,114-UG-T30,FPQ-5014,SO-35880,DN-1678,Uganda,PMO - US,From RDC,N/A - From RDC,Air,1/29/2010,N/A - From RDC,1-Apr-10,15-Mar-10,15-Mar-10,ARV,Adult,SCMS from RDC,"Lamivudine/Stavudine 150/30mg, tablets, 60 Tabs",Lamivudine/Stavudine,Generic,150/30mg,Tablet - FDC,60,120,408.0,3.4,0.06,"Strides, Bangalore, India.",Yes,6,484.56,0.88
83164,107-RW-T30,FPQ-12190,SO-45370,DN-3341,Rwanda,PMO - US,From RDC,N/A - From RDC,Truck,5/6/2013,N/A - From RDC,4-Oct-13,15-Oct-13,29-Oct-13,ARV,Adult,SCMS from RDC,"Nevirapine 200mg, tablets, 60 Tabs",Nevirapine,Generic,200mg,Tablet,60,41250,93225.0,2.26,0.04,"Strides, Bangalore, India.",Yes,2295,4390.98,115.32
84080,200-ZW-T30,FPQ-6483,SO-39270,DN-2178,Zimbabwe,PMO - US,From RDC,N/A - From RDC,Truck,10/13/2010,N/A - From RDC,4-Apr-11,20-May-11,20-May-11,ARV,Pediatric,SCMS from RDC,"Didanosine 125mg, delayed-release capsules, 30 Caps",Didanosine,Generic,125mg,Delayed-release capsules,30,105,892.5,8.5,0.28,"Aurobindo Unit III, India",Yes,10,3403.99,1.92
59448,108-VN-T30,FPQ-13524,SCMS-226220,ASN-26923,Vietnam,PMO - US,Direct Drop,EXW,Air,2/6/2014,3/10/2014,29-Jul-14,29-Jul-14,6-Aug-14,ARV,Adult,HETERO LABS LIMITED,"Tenofovir Disoproxil Fumarate 300mg, tablets, 30 Tabs",Tenofovir Disoproxil Fumarate,Generic,300mg,Tablet,30,10700,37985.0,3.55,0.12,Hetero Unit III Hyderabad IN,No,See ASN-26923 (ID#:13027),See ASN-26923 (ID#:13027),39.05
85593,111-MZ-T30,FPQ-15229,SO-50490,DN-4247,Mozambique,PMO - US,From RDC,N/A - From RDC,Truck,10/17/2014,N/A - From RDC,30-Jun-15,9-Jun-15,15-Jun-15,ARV,Adult,SCMS from RDC,"Tenofovir Disoproxil Fumarate 300mg, tablets, 30 Tabs",Tenofovir Disoproxil Fumarate,Generic,300mg,Tablet,30,600,2130.0,3.55,0.12,Hetero Unit III Hyderabad IN,No,See DN-4247 (ID#:84466),See DN-4247 (ID#:84466),2.51
36816,106-HT-T30,FPQ-9635,SCMS-148410,ASN-15840,Haiti,PMO - US,Direct Drop,EXW,Air,5/14/2012,7/12/2012,16-Aug-12,16-Aug-12,16-Aug-12,ARV,Adult,Aurobindo Pharma Limited,"Stavudine 30mg, capsules, 60 Caps",Stavudine,Generic,30mg,Capsule,60,90,126.0,1.4,0.02,"Aurobindo Unit III, India",Yes,6,941.74,0.18
12572,106-HT-T01,Pre-PQ Process,SO-24830,DN-1205,Haiti,PMO - US,From RDC,N/A - From RDC,Air,Pre-PQ Process,N/A - From RDC,19-May-09,19-May-09,19-May-09,ARV,Pediatric,SCMS from RDC,"Abacavir 20mg/ml, oral solution, Bottle, 240 ml",Abacavir,Generic,20mg/ml,Oral solution,240,398,5970.0,15.0,0.06,"Aurobindo Unit III, India",No,See DN-1205 (ID#:11314),See DN-1205 (ID#:11314),11.7
33812,116-ZA-T30,FPQ-14942,SCMS-259075,ASN-32138,South Africa,PMO - US,Direct Drop,DDP,Truck,9/11/2014,5/11/2015,12-May-15,12-May-15,12-May-15,ARV,Pediatric,PHARMACY DIRECT,"Lamivudine 10mg/ml, oral solution, Bottle, 240 ml",Lamivudine,Generic,10mg/ml,Oral solution,240,3,15.5,5.17,0.02,"Aurobindo Unit III, India",No,Weight Captured Separately,Freight Included in Commodity Cost,0.02
51928,117-ET-T30,FPQ-4502,SCMS-58060,ASN-5747,Ethiopia,PMO - US,Direct Drop,EXW,Air,10/27/2009,11/25/2009,30-Dec-09,30-Dec-09,30-Dec-09,ARV,Adult,MYLAN LABORATORIES LTD (FORMERLY MATRIX LABORATORIES),"Lamivudine 150mg, tablets, 60 Tabs",Lamivudine,Generic,150mg,Tablet,60,50000,130000.0,2.6,0.04,Mylan (formerly Matrix) Nashik,Yes,2504,7354.24,280.28
6994,119-NA-T01,Pre-PQ Process,SCMS-18890,ASN-1487,Namibia,PMO - US,Direct Drop,EXW,Air,Pre-PQ Process,3/14/2008,2-Apr-08,2-Apr-08,2-Apr-08,HRDT,HIV test,"Orgenics, Ltd","HIV 1/2, Clearview Complete Kit, 25 Tests","HIV 1/2, Clearview Complete Kit",Clearview,,Test kit,25,271,20325.0,75.0,3.0,Inverness USA,Yes,260,1496.76,32.52
23211,109-TZ-T30,FPQ-13927,SCMS-233190,ASN-25567,Tanzania,PMO - US,Direct Drop,EXW,Ocean,3/21/2014,3/31/2014,27-May-14,27-May-14,12-Jun-14,ARV,Adult,MYLAN LABORATORIES LTD (FORMERLY MATRIX LABORATORIES),"Efavirenz/Emtricitabine/Tenofovir Disoproxil Fumarate 600/200/300mg, tablets, 30 Tabs",Efavirenz/Emtricitabine/Tenofovir Disoproxil Fumarate,Generic,600/200/300mg,Tablet - FDC,30,35000,410900.0,11.74,0.39,Mylan (formerly Matrix) Nashik,No,See ASN-25567 (ID#:21563),See ASN-25567 (ID#:21563),422.41
35054,108-VN-T30,FPQ-15692,SCMS-274370,ASN-32261,Vietnam,PMO - US,Direct Drop,EXW,Air,1/28/2015,2/17/2015,13-Jul-15,13-Jul-15,14-Jul-15,ARV,Adult,HETERO LABS LIMITED,"Efavirenz/Lamivudine/Tenofovir Disoproxil Fumarate 600/300/300mg, tablets, 30 Tabs",Efavirenz/Lamivudine/Tenofovir Disoproxil Fumarate,Generic,600/300/300mg,Tablet - FDC,30,17760,177600.0,10.0,0.33,Hetero Unit III Hyderabad IN,Yes,2516,3809.94,209.04
24028,133-NG-T30,FPQ-10765,SCMS-162440,ASN-18599,Nigeria,PMO - US,Direct Drop,EXW,Air,10/5/2012,10/16/2012,9-Jan-13,20-Mar-13,20-Mar-13,HRDT,HIV test,"Orgenics, Ltd","HIV 1/2, Determine Complete HIV Kit, 100 Tests","HIV 1/2, Determine Complete HIV Kit",Determine,,Test kit,100,2874,255786.0,89.0,0.89,"Alere Medical Co., Ltd.",Yes,1252,26380.35,358.61
2436,116-ZA-T01,Pre-PQ Process,SCMS-41070,ASN-3625,South Africa,PMO - US,Direct Drop,DDP,Air,Pre-PQ Process,Date Not Captured,12-May-09,30-Dec-08,30-Dec-08,ARV,Adult,S. BUYS WHOLESALER,"Zidovudine 300mg [Retrovir], tablets, 60 Tabs",Zidovudine,Retrovir,300mg,Tablet,60,1350,19062.0,14.12,0.24,GSK Aranda,No,Weight Captured Separately,Freight Included in Commodity Cost,37.36
3470,114-UG-T01,Pre-PQ Process,SCMS-32250,ASN-3001,Uganda,PMO - US,Direct Drop,CIP,Air,Pre-PQ Process,10/17/2008,9-Dec-08,9-Dec-08,9-Dec-08,ARV,Adult,BRISTOL-MYERS SQUIBB,"Didanosine EC 250mg [Videx EC], delayed-release capsules, Blister 3 x 10 Caps",Didanosine EC,Videx EC,250mg,Delayed-release capsules - blister,30,50,917.0,18.34,0.61,"BMS Meymac, France",Yes,2,378,1.8
41099,161-ZA-T30,FPQ-5303,SCMS-68740,ASN-8174,South Africa,PMO - US,Direct Drop,DDP,Air,3/18/2010,3/19/2010,1-Sep-10,11-Oct-10,11-Oct-10,ARV,Adult,CIPLA LIMITED,"Tenofovir Disoproxil Fumarate 300mg, tablets, 30 Tabs",Tenofovir Disoproxil Fumarate,Generic,300mg,Tablet,30,83238,650921.16,7.82,0.26,"Cipla, Goa, India",Yes,5663,5298.02,1403.39
82290,106-HT-T30,FPQ-4469,SO-34200,DN-1626,Haiti,PMO - US,From RDC,N/A - From RDC,Air,9/23/2009,N/A - From RDC,5-Mar-10,3-Mar-10,3-Mar-10,ARV,Adult,SCMS from RDC,"Lamivudine/Zidovudine 150/300mg, tablets, 60 Tabs",Lamivudine/Zidovudine,Generic,150/300mg,Tablet - FDC,60,12000,105120.0,8.76,0.15,"Aurobindo Unit III, India",Yes,1077,12016.69,226.64
85393,114-UG-T30,FPQ-12253,SO-45480,DN-3270,Uganda,PMO - US,From RDC,N/A - From RDC,Air,5/8/2013,N/A - From RDC,5-Sep-13,5-Sep-13,5-Sep-13,ARV,Adult,SCMS from RDC,"Lamivudine/Nevirapine/Zidovudine 150/200/300mg, tablets, 60 Tabs",Lamivudine/Nevirapine/Zidovudine,Generic,150/300/200mg,Tablet - FDC,60,50000,413000.0,8.26,0.14,Mylan (formerly Matrix) Nashik,Yes,6481,36226.26,510.88
39017,116-ZA-T30,FPQ-12522,SCMS-199289,ASN-28037,South Africa,PMO - US,Direct Drop,DDP,Truck,7/11/2013,8/29/2014,29-Aug-14,29-Aug-14,29-Aug-14,ARV,Pediatric,S. BUYS WHOLESALER,"Lamivudine 10mg/ml, oral solution w/syringe, Bottle, 240 ml",Lamivudine,Generic,10mg/ml,Oral solution,240,31,244.58,7.89,0.03,"Aurobindo Unit III, India",No,Weight Captured Separately,Freight Included in Commodity Cost,0.3
85725,104-CI-T30,FPQ-5925,SO-37740,DN-2064,Côte d'Ivoire,PMO - US,From RDC,N/A - From RDC,Air,6/23/2010,N/A - From RDC,30-Nov-10,9-Dec-10,9-Dec-10,ARV,Pediatric,SCMS from RDC,"Nevirapine 10mg/ml, oral suspension w/syringe, Bottle, 240 ml",Nevirapine,Generic,10mg/ml,Oral suspension,240,4200,8190.0,1.95,0.01,"Aurobindo Unit III, India",No,See DN-2064 (ID#:83469),See DN-2064 (ID#:83469),17.66
21755,116-ZA-T30,FPQ-13973,SCMS-238555,ASN-29255,South Africa,PMO - US,Direct Drop,DDP,Truck,4/30/2014,11/4/2014,5-Nov-14,5-Nov-14,5-Nov-14,ARV,Adult,PHARMACY DIRECT,"Etravirine 100mg [Intelence], tablets, 120 Tabs",Etravirine,Intelence,100mg,Tablet,120,12,424.25,35.35,0.29,"Janssen-Cilag, Latina, IT",No,Weight Captured Separately,Freight Included in Commodity Cost,0.44
82470,151-NG-T30,FPQ-8952,SO-41920,DN-2645,Nigeria,PMO - US,From RDC,N/A - From RDC,Air Charter,12/8/2011,N/A - From RDC,20-Jun-12,30-Apr-12,30-Apr-12,ARV,Adult,SCMS from RDC,"Lamivudine/Zidovudine 150/300mg, tablets, 60 Tabs",Lamivudine/Zidovudine,Generic,150/300mg,Tablet - FDC,60,29980,233244.4,7.78,0.13,Mylan (formerly Matrix) Nashik,Yes,2721,27441.22,327.01
86364,151-NG-T30,FPQ-6800,SO-38340,DN-2093,Nigeria,PMO - US,From RDC,N/A - From RDC,Air Charter,12/7/2010,N/A - From RDC,21-Feb-11,16-Feb-11,16-Feb-11,ARV,Adult,SCMS from RDC,"Lamivudine/Nevirapine/Zidovudine 150/200/300mg, tablets, 60 Tabs",Lamivudine/Nevirapine/Zidovudine,Generic,150/300/200mg,Tablet - FDC,60,77333,867676.26,11.22,0.19,"Aurobindo Unit III, India",Yes,11276,43548,1431.67
83210,103-ZW-T30,FPQ-12086,SO-45123,DN-3549,Zimbabwe,PMO - US,From RDC,N/A - From RDC,Truck,4/19/2013,N/A - From RDC,31-Mar-14,11-Feb-14,4-Mar-14,ARV,Pediatric,SCMS from RDC,"Efavirenz 200mg, scored tablets, 90 Tabs",Efavirenz,Generic,200mg,Tablet,90,266,2473.8,9.3,0.1,"Strides, Bangalore, India.",Yes,17,1200,3.06
12850,104-CI-T01,Pre-PQ Process,SO-21880,DN-1152,Côte d'Ivoire,PMO - US,From RDC,N/A - From RDC,Air,Pre-PQ Process,N/A - From RDC,30-Apr-09,30-Apr-09,30-Apr-09,ARV,Adult,SCMS from RDC,"Nevirapine 200mg, tablets, 60 Tabs",Nevirapine,Generic,200mg,Tablet,60,9599,28797.0,3.0,0.05,"Aurobindo Unit III, India",No,See DN-1152 (ID#:11010),See DN-1152 (ID#:11010),56.44
82895,104-CI-T30,FPQ-5201,SO-36342,DN-1887,Côte d'Ivoire,PMO - US,From RDC,N/A - From RDC,Air,3/3/2010,N/A - From RDC,12-Jul-10,5-Jul-10,5-Jul-10,ARV,Pediatric,SCMS from RDC,"Lamivudine 10mg/ml, oral solution, Bottle, 240 ml",Lamivudine,Generic,10mg/ml,Oral solution,240,4340,8246.0,1.9,0.01,"Cipla, Goa, India",Yes,1632,5121.68,17.78
83180,109-TZ-T30,FPQ-13042,SO-46680,DN-3401,Tanzania,PMO - US,From RDC,N/A - From RDC,Truck,10/1/2013,N/A - From RDC,26-Dec-13,16-Dec-13,17-Jan-14,ARV,Adult,SCMS from RDC,"Nevirapine 200mg, tablets, 60 Tabs",Nevirapine,Generic,200mg,Tablet,60,31144,70385.44,2.26,0.04,Hetero Unit III Hyderabad IN,Yes,10109,7134.39,87.07
84291,107-RW-T30,FPQ-12190,SO-45360,DN-3345,Rwanda,PMO - US,From RDC,N/A - From RDC,Truck,5/6/2013,N/A - From RDC,15-Oct-13,15-Oct-13,29-Oct-13,ARV,Pediatric,SCMS from RDC,"Lamivudine 10mg/ml, oral solution w/syringe, Bottle, 240 ml",Lamivudine,Generic,10mg/ml,Oral solution,240,5495,7967.75,1.45,0.01,"Aurobindo Unit III, India",Yes,1960,4390.98,9.86
68367,107-RW-T30,FPQ-9168,SCMS-137550,ASN-15880,Rwanda,PMO - US,Direct Drop,EXW,Ocean,1/13/2012,5/31/2012,8-Oct-12,8-Oct-12,8-Oct-12,ARV,Adult,MYLAN LABORATORIES LTD (FORMERLY MATRIX LABORATORIES),"Lamivudine/Tenofovir Disoproxil Fumarate 300/300mg, tablets, 30 Tabs",Lamivudine/Tenofovir Disoproxil Fumarate,Generic,300/300mg,Tablet - FDC,30,131704,683543.76,5.19,0.17,Mylan (formerly Matrix) Nashik,Yes,10116,24250.15,958.33
84752,102-ZW-T30,FPQ-9927,SO-42281,DN-2835,Zimbabwe,PMO - US,From RDC,N/A - From RDC,Truck,5/15/2012,N/A - From RDC,25-Sep-12,3-Sep-12,3-Sep-12,ARV,Adult,SCMS from RDC,"Nevirapine 200mg, tablets, 60 Tabs",Nevirapine,Generic,200mg,Tablet,60,60794,147121.48,2.42,0.04,Mylan (formerly Matrix) Nashik,Yes,6003,7423.38,206.26
83980,113-ZW-T30,FPQ-4472,SO-27210,DN-1657,Zimbabwe,PMO - US,From RDC,N/A - From RDC,Truck,3/17/2009,N/A - From RDC,31-Mar-10,12-Mar-10,12-Mar-10,ARV,Adult,SCMS from RDC,"Lamivudine/Stavudine 150/30mg, tablets, 60 Tabs",Lamivudine/Stavudine,Generic,150/30mg,Tablet - FDC,60,4000,13600.0,3.4,0.06,"Cipla, Goa, India",Yes,632,3302.14,26.66
83986,104-CI-T30,FPQ-4378,SO-34414,DN-1676,Côte d'Ivoire,PMO - US,From RDC,N/A - From RDC,Air,10/15/2009,N/A - From RDC,9-Mar-10,10-Mar-10,10-Mar-10,ARV,Pediatric,SCMS from RDC,"Efavirenz 200mg, capsule, 90 Caps",Efavirenz,Generic,200mg,Capsule,90,769,7743.83,10.07,0.11,"Aurobindo Unit III, India",Yes,93,4519.96,15.18
84596,109-TZ-T30,FPQ-5436,SO-36600,DN-2039,Tanzania,PMO - US,From RDC,N/A - From RDC,Air,4/1/2010,N/A - From RDC,3-Dec-10,3-Dec-10,3-Dec-10,ARV,Pediatric,SCMS from RDC,"Didanosine 100mg, chewable/dispersible tablets, 60 Tabs",Didanosine,Generic,100mg,Chewable/dispersible tablet,60,2864,22110.08,7.72,0.13,"Aurobindo Unit III, India",Yes,612,1979.75,47.67
84678,113-ZW-T30,FPQ-7052,SO-38513,DN-2410,Zimbabwe,PMO - US,From RDC,N/A - From RDC,Truck,1/19/2011,N/A - From RDC,14-Nov-11,21-Nov-11,21-Nov-11,ARV,Adult,SCMS from RDC,"Lamivudine/Stavudine 150/30mg, tablets, 60 Tabs",Lamivudine/Stavudine,Generic,150/30mg,Tablet - FDC,60,76,224.2,2.95,0.05,"Cipla, Goa, India",Yes,248,481.71,0.37
32883,116-ZA-T30,FPQ-13973,SCMS-238555,ASN-29257,South Africa,PMO - US,Direct Drop,DDP,Truck,4/30/2014,11/4/2014,5-Nov-14,5-Nov-14,5-Nov-14,ARV,Adult,PHARMACY DIRECT,"Lamivudine/Zidovudine 150/300mg, tablets, 60 Tabs",Lamivudine/Zidovudine,Generic,150/300mg,Tablet - FDC,60,19,592.65,31.19,0.52,"Aurobindo Unit III, India",No,Weight Captured Separately,Freight Included in Commodity Cost,0.61
1122,106-HT-T01,Pre-PQ Process,SCMS-42720,ASN-4787,Haiti,PMO - US,Direct Drop,EXW,Air,Pre-PQ Process,4/2/2009,16-Sep-09,16-Sep-09,16-Sep-09,HRDT,HIV test,Orasure Technologies Inc.,"HIV 1/2, OraQuick Advance HIV Rapid Antibody Kit, 100 Tests","HIV 1/2, OraQuick Advance HIV Rapid Antibody Kit",OraQuick,,Test kit,100,60,21000.0,350.0,3.5,"Pacific Biotech, Thailand",Yes,144,3128.19,41.16
37963,108-VN-T30,FPQ-6818,SCMS-98050,ASN-11023,Vietnam,PMO - US,Direct Drop,EXW,Air,1/17/2011,2/15/2011,22-Jun-11,22-Jun-11,22-Jun-11,ARV,Adult,MYLAN LABORATORIES LTD (FORMERLY MATRIX LABORATORIES),"Nevirapine 200mg, tablets, 60 Tabs",Nevirapine,Generic,200mg,Tablet,60,1556,4045.6,2.6,0.04,Mylan (formerly Matrix) Nashik,Yes,2113,10784.69,6.68
54973,104-CI-T30,FPQ-8327,SCMS-124790,ASN-13658,Côte d'Ivoire,PMO - US,Direct Drop,FCA,Ocean,9/8/2011,11/18/2011,23-Mar-12,23-Mar-12,23-Mar-12,ARV,Adult,ABBVIE LOGISTICS (FORMERLY ABBOTT LOGISTICS BV),"Lopinavir/Ritonavir 200/50mg [Aluvia], tablets, 120 Tabs",Lopinavir/Ritonavir,Aluvia,200/50mg,Tablet,120,14420,444424.4,30.82,0.26,ABBVIE Ludwigshafen Germany,Yes,Weight Captured Separately,Invoiced Separately,733.3
86008,109-TZ-T30,FPQ-12015,SO-44980,DN-3347,Tanzania,PMO - US,From RDC,N/A - From RDC,Truck,4/2/2013,N/A - From RDC,31-Oct-13,4-Nov-13,6-Nov-13,ARV,Adult,SCMS from RDC,"Emtricitabine/Tenofovir Disoproxil Fumarate 200/300mg, tablets, 30 Tabs",Emtricitabine/Tenofovir Disoproxil Fumarate,Generic,200/300mg,Tablet - FDC,30,3478,21111.46,6.07,0.2,Mylan (formerly Matrix) Nashik,No,See DN-3347 (ID#:82611),See DN-3347 (ID#:82611),26.11
83632,151-NG-T30,FPQ-9968,SO-42682,DN-2901,Nigeria,PMO - US,From RDC,N/A - From RDC,Air,5/23/2012,N/A - From RDC,6-Nov-12,6-Nov-12,6-Nov-12,ARV,Adult,SCMS from RDC,"Lamivudine/Tenofovir Disoproxil Fumarate 300/300mg, tablets, 30 Tabs",Lamivudine/Tenofovir Disoproxil Fumarate,Generic,300/300mg,Tablet - FDC,30,41514,222515.04,5.36,0.18,"Cipla, Kurkumbh, India",Yes,4052,15459.09,311.97
12151,106-HT-T01,Pre-PQ Process,SO-1287,DN-614,Haiti,PMO - US,From RDC,N/A - From RDC,Air,Pre-PQ Process,N/A - From RDC,4-Mar-08,21-Feb-08,21-Feb-08,ARV,Pediatric,SCMS from RDC,"Stavudine 1mg/ml, powder for oral solution, 200 ml",Stavudine,Generic,1mg/ml,Oral solution,200,300,420.0,1.4,0.01,"Aurobindo Unit III, India",No,See DN-614 (ID#:11219),See DN-614 (ID#:11219),0.67
36890,116-ZA-T30,FPQ-4770,SCMS-60170,ASN-5933,South Africa,PMO - US,Direct Drop,DDP,Truck,12/17/2009,12/23/2009,29-Dec-09,29-Dec-09,29-Dec-09,ARV,Adult,S. BUYS WHOLESALER,"Tenofovir Disoproxil Fumarate 300mg [Viread], tablets, 30 Tabs",Tenofovir Disoproxil Fumarate,Viread,300mg,Tablet,30,500,14105.11,28.21,0.94,"Aspen-OSD, Port Elizabeth, SA",No,Weight Captured Separately,Freight Included in Commodity Cost,30.41
65987,108-VN-T30,FPQ-9001,SCMS-134870,ASN-14921,Vietnam,PMO - US,Direct Drop,FCA,Air,12/15/2011,1/25/2012,27-Jun-12,27-Jun-12,27-Jun-12,ARV,Pediatric,ABBVIE LOGISTICS (FORMERLY ABBOTT LOGISTICS BV),"Lopinavir/Ritonavir 80/20mg/ml [Kaletra], oral solution, cool, Bottle 5 x 60 ml",Lopinavir/Ritonavir,Kaletra,80/20mg/ml,Oral solution,300,100,6082.0,60.82,0.2,ABBVIE (Abbott) Logis. UK,Yes,164,742.1,8.53
10950,109-TZ-T01,Pre-PQ Process,SO-2560,DN-826,Tanzania,PMO - US,From RDC,N/A - From RDC,Air,Pre-PQ Process,N/A - From RDC,29-Jul-08,29-Jul-08,29-Jul-08,ARV,Adult,SCMS from RDC,"Nevirapine 200mg, tablets, 60 Tabs",Nevirapine,Generic,200mg,Tablet,60,50288,170979.2,3.4,0.06,"Aurobindo Unit III, India",No,See DN-826 (ID#:10674),See DN-826 (ID#:10674),273.57
83373,154-NG-T30,FPQ-3815,SO-32260,DN-1452,Nigeria,PMO - US,From RDC,N/A - From RDC,Air Charter,5/26/2009,N/A - From RDC,30-Oct-09,20-Oct-09,20-Oct-09,ARV,Adult,SCMS from RDC,"Lamivudine/Zidovudine 150/300mg, tablets, 60 Tabs",Lamivudine/Zidovudine,Generic,150/300mg,Tablet - FDC,60,422,3696.72,8.76,0.15,Mylan (formerly Matrix) Nashik,No,See DN-1452 (ID#:82272),See DN-1452 (ID#:82272),7.25
85069,106-HT-T30,FPQ-4277,SO-33730,DN-1479,Haiti,PMO - US,From RDC,N/A - From RDC,Air,9/22/2009,N/A - From RDC,18-Nov-09,18-Oct-09,18-Oct-09,ARV,Adult,SCMS from RDC,"Lamivudine 150mg, tablets, 60 Tabs",Lamivudine,Generic,150mg,Tablet,60,398,971.12,2.44,0.04,"Aurobindo Unit III, India",No,See DN-1479 (ID#:82842),See DN-1479 (ID#:82842),1.9
11964,111-MZ-T01,Pre-PQ Process,SO-25020,DN-1175,Mozambique,PMO - US,From RDC,N/A - From RDC,Air,Pre-PQ Process,N/A - From RDC,8-Jun-09,8-Jun-09,8-Jun-09,ARV,Adult,SCMS from RDC,"Lamivudine/Nevirapine/Zidovudine 150/200/300mg, tablets, 60 Tabs",Lamivudine/Nevirapine/Zidovudine,Generic,150/300/200mg,Tablet - FDC,60,10808,127534.4,11.8,0.2,Mylan (formerly Matrix) Nashik,Yes,1320,6759.55,249.97
1957,108-VN-T01,Pre-PQ Process,SCMS-27380,ASN-2873,Vietnam,PMO - US,Direct Drop,EXW,Air,Pre-PQ Process,7/24/2008,3-Dec-08,3-Dec-08,3-Dec-08,ARV,Adult,CIPLA LIMITED,"Lamivudine/Nevirapine/Stavudine 150/200/30mg, tablets, 60 Tabs",Lamivudine/Nevirapine/Stavudine,Generic,150/200/30mg,Tablet - FDC,60,3648,26448.0,7.25,0.12,"Cipla, Goa, India",Yes,323,2335.19,51.84
82878,114-UG-T30,FPQ-5239,SO-36170,DN-1766,Uganda,PMO - US,From RDC,N/A - From RDC,Air,3/2/2010,N/A - From RDC,26-May-10,12-Apr-10,12-Apr-10,ARV,Adult,SCMS from RDC,"Efavirenz 600mg, tablets, 30 Tabs",Efavirenz,Generic,600mg,Tablet,30,2000,10260.0,5.13,0.17,Mylan (formerly Matrix) Nashik,Yes,563,1524.56,22.12
63409,117-ET-T30,FPQ-15928,SCMS-280490,ASN-31624,Ethiopia,PMO - US,Direct Drop,EXW,Air,3/10/2015,3/17/2015,28-Apr-15,28-Apr-15,29-Apr-15,HRDT,HIV test,"SHANGHAI KEHUA BIOENGINEERING CO.,LTD.  (KHB)","HIV 1/2, SKB Colloidal Gold, Diagnostic Kit, Antibody, 50 Tests","HIV 1/2, Colloidal Gold, Diagnostic Kit, Antibody",Colloidal Gold,,Test kit,1,4000,98000.0,24.5,24.5,"KHB Test Kit Facility, Shanghai China",Yes,2764,40716.16,115.35
50918,107-RW-T30,FPQ-6341,SCMS-84960,ASN-9369,Rwanda,PMO - US,Direct Drop,EXW,Ocean,9/3/2010,9/28/2010,1-Mar-11,1-Mar-11,1-Mar-11,ARV,Adult,HETERO LABS LIMITED,"Nevirapine 200mg, tablets, 60 Tabs",Nevirapine,Generic,200mg,Tablet,60,206475,501734.25,2.43,0.04,Hetero Unit III Hyderabad IN,Yes,12077,19328.36,1081.74
86136,109-TZ-T30,FPQ-13042,SO-46710,DN-3925,Tanzania,PMO - US,From RDC,N/A - From RDC,Truck,10/1/2013,N/A - From RDC,3-Nov-14,17-Oct-14,7-Nov-14,ARV,Adult,SCMS from RDC,"Abacavir 300mg, tablets, 60 Tabs",Abacavir,Generic,300mg,Tablet,60,24876,285078.96,11.46,0.19,Mylan (formerly Matrix) Nashik,Yes,2345,2456.74,352.64
79283,108-VN-T30,FPQ-14516,SCMS-251680,ASN-29384,Vietnam,PMO - US,Direct Drop,EXW,Air,7/9/2014,8/11/2014,24-Dec-14,24-Dec-14,24-Dec-14,ARV,Adult,HETERO LABS LIMITED,"Efavirenz/Lamivudine/Tenofovir Disoproxil Fumarate 600/300/300mg, tablets, 30 Tabs",Efavirenz/Lamivudine/Tenofovir Disoproxil Fumarate,Generic,600/300/300mg,Tablet - FDC,30,15840,166320.0,10.5,0.35,Hetero Unit III Hyderabad IN,No,See ASN-29384 (ID#:33441),See ASN-29384 (ID#:33441),170.98
62077,106-HT-T30,FPQ-15038,SCMS-262980,ASN-30463,Haiti,PMO - US,Direct Drop,EXW,Ocean,10/22/2014,1/7/2015,9-Apr-15,9-Apr-15,13-Apr-15,ARV,Adult,HETERO LABS LIMITED,"Efavirenz/Lamivudine/Tenofovir Disoproxil Fumarate 600/300/300mg, tablets, 30 Tabs",Efavirenz/Lamivudine/Tenofovir Disoproxil Fumarate,Generic,600/300/300mg,Tablet - FDC,30,39015,399903.75,10.25,0.34,Hetero Unit III Hyderabad IN,No,See ASN-30463 (ID#:15460),See ASN-30463 (ID#:15460),411.1
86723,151-NG-T30,FPQ-13704,SO-48321,DN-3915,Nigeria,PMO - US,From RDC,N/A - From RDC,Air Charter,2/13/2014,N/A - From RDC,30-Sep-14,3-Sep-14,5-Sep-14,ARV,Pediatric,SCMS from RDC,"Efavirenz 200mg, scored tablets, 90 Tabs",Efavirenz,Generic,200mg,Tablet,90,635,5905.5,9.3,0.1,"Strides, Bangalore, India.",Yes,65,177,6.07
86114,110-ZM-T30,FPQ-13692,SO-48000,DN-3819,Zambia,PMO - US,From RDC,N/A - From RDC,Truck,2/6/2014,N/A - From RDC,31-Jul-14,23-Jul-14,28-Aug-14,ARV,Adult,SCMS from RDC,"Efavirenz/Lamivudine/Tenofovir Disoproxil Fumarate 600/300/300mg, tablets, 30 Tabs",Efavirenz/Lamivudine/Tenofovir Disoproxil Fumarate,Generic,600/300/300mg,Tablet - FDC,30,175000,1886500.0,10.78,0.36,Mylan (formerly Matrix) Nashik,No,See DN-3819 (ID#:85506),See DN-3819 (ID#:85506),1939.32
11842,104-CI-T01,Pre-PQ Process,SO-1544,DN-547,Côte d'Ivoire,PMO - US,From RDC,N/A - From RDC,Air,Pre-PQ Process,N/A - From RDC,15-Jan-08,15-Jan-08,15-Jan-08,ARV,Pediatric,SCMS from RDC,"Nevirapine 10mg/ml, oral suspension, Bottle, 240 ml",Nevirapine,Generic,10mg/ml,Oral suspension,240,965,1852.8,1.92,0.01,"Aurobindo Unit III, India",Yes,344,1729,2.96
28318,105-DO-T30,FPQ-11295,SCMS-172500,ASN-18884,Dominican Republic,PMO - US,Direct Drop,EXW,Air,12/17/2012,1/15/2013,1-Apr-13,1-Apr-13,1-Apr-13,HRDT,HIV test,"Orgenics, Ltd","HIV 1/2, Determine Complete HIV Kit, 100 Tests","HIV 1/2, Determine Complete HIV Kit",Determine,,Test kit,100,1775,163300.0,92.0,0.92,"Alere Medical Co., Ltd.",Yes,791,12643.47,202.0
2795,109-TZ-T01,Pre-PQ Process,SCMS-10320,ASN-1114,Tanzania,PMO - US,Direct Drop,EXW,Air,Pre-PQ Process,8/15/2007,22-Jan-08,22-Jan-08,22-Jan-08,HRDT,HIV test,"Standard Diagnostics, Inc.","HIV 1/2, Bioline 3.0 Kit, Lancets, Capillary pipets, Alcohol swabs included, 25 Tests","HIV 1/2, Bioline 3.0 Kit, Lancets, Capillary pipets, Alcohol swabs included",Bioline,,Test kit,25,5000,100000.0,20.0,0.8,"Standard Diagnostics, Korea",Yes,1456,14505.37,160.0
68116,116-ZA-T30,FPQ-13973,SCMS-238551,ASN-26882,South Africa,PMO - US,Direct Drop,DDP,Truck,4/30/2014,6/25/2014,25-Jun-14,25-Jun-14,25-Jun-14,ARV,Adult,PHARMACY DIRECT,"Efavirenz 600mg, tablets, 30 Tabs",Efavirenz,Generic,600mg,Tablet,30,106,1653.18,15.6,0.52,"Aurobindo Unit III, India",No,Weight Captured Separately,Freight Included in Commodity Cost,1.7
85722,117-ET-T30,FPQ-6428,SO-37620,DN-2050,Ethiopia,PMO - US,From RDC,N/A - From RDC,Air,9/24/2010,N/A - From RDC,19-Nov-10,8-Nov-10,8-Nov-10,ARV,Adult,SCMS from RDC,"Zidovudine 300mg, tablets, 60 Tabs",Zidovudine,Generic,300mg,Tablet,60,500,3605.0,7.21,0.12,"Aurobindo Unit III, India",No,See DN-2050 (ID#:82926),See DN-2050 (ID#:82926),7.77
37526,108-VN-T30,FPQ-10643,SCMS-160990,ASN-17709,Vietnam,PMO - US,Direct Drop,EXW,Air,9/18/2012,9/24/2012,4-Feb-13,4-Feb-13,4-Feb-13,ARV,Adult,MICRO LABS LIMITED,"Lamivudine 150mg, tablets, 60 Tabs",Lamivudine,Generic,150mg,Tablet,60,13570,24968.8,1.84,0.03,"Micro labs, Verna, Goa, India",Yes,568,1646.5,35.01
20274,108-VN-T30,FPQ-13976,SCMS-236060,ASN-27814,Vietnam,PMO - US,Direct Drop,EXW,Air,4/8/2014,4/30/2014,22-Sep-14,15-Sep-14,17-Sep-14,ARV,Adult,HETERO LABS LIMITED,"Efavirenz/Lamivudine/Tenofovir Disoproxil Fumarate 600/300/300mg, tablets, 30 Tabs",Efavirenz/Lamivudine/Tenofovir Disoproxil Fumarate,Generic,600/300/300mg,Tablet - FDC,30,17280,181440.0,10.5,0.35,Hetero Unit III Hyderabad IN,Yes,2401,3701.66,186.52
12673,111-MZ-T01,Pre-PQ Process,SO-502,DN-282,Mozambique,PMO - US,From RDC,N/A - From RDC,Air,Pre-PQ Process,N/A - From RDC,10-Oct-07,10-Oct-07,10-Oct-07,ARV,Pediatric,SCMS from RDC,"Abacavir 20mg/ml, oral solution, Bottle, 240 ml",Abacavir,Generic,20mg/ml,Oral solution,240,1020,21930.0,21.5,0.09,"Aurobindo Unit III, India",No,See DN-282 (ID#:11144),See DN-282 (ID#:11144),35.09
85799,104-CI-T30,FPQ-8295,SO-40770,DN-2405,Côte d'Ivoire,PMO - US,From RDC,N/A - From RDC,Truck,8/25/2011,N/A - From RDC,11-Nov-11,31-Oct-11,31-Oct-11,ARV,Adult,SCMS from RDC,"Abacavir/Lamivudine 600/300mg, scored tablets, 30 Tabs",Abacavir/Lamivudine,Generic,600/300mg,Tablet - FDC,30,2790,62775.0,22.5,0.75,Mylan (formerly Matrix) Nashik,No,See DN-2405 (ID#:84118),See DN-2405 (ID#:84118),103.58
9201,116-ZA-T01,Pre-PQ Process,SCMS-47050,ASN-4819,South Africa,PMO - US,Direct Drop,DDP,Truck,Pre-PQ Process,6/5/2009,12-Oct-09,21-Jul-09,21-Jul-09,ARV,Adult,S. BUYS WHOLESALER,"Emtricitabine/Tenofovir Disoproxil Fumarate 200/300mg [Truvada], tablets, 30 Tabs",Emtricitabine/Tenofovir Disoproxil Fumarate,Truvada,300/200mg,Tablet - FDC,30,260,10670.4,41.04,1.37,"Aspen-OSD, Port Elizabeth, SA",No,Weight Captured Separately,Freight Included in Commodity Cost,20.91
83016,151-NG-T30,FPQ-8952,SO-41251,DN-2586,Nigeria,PMO - US,From RDC,N/A - From RDC,Air,12/8/2011,N/A - From RDC,4-Jul-12,15-Mar-12,15-Mar-12,ARV,Adult,SCMS from RDC,"Lamivudine/Nevirapine/Zidovudine 150/200/300mg, tablets, 60 Tabs",Lamivudine/Nevirapine/Zidovudine,Generic,150/300/200mg,Tablet - FDC,60,84000,924000.0,11.0,0.18,Mylan (formerly Matrix) Nashik,Yes,11160,87294.56,1295.45
10965,132-NG-T01,Pre-PQ Process,SO-2680,DN-787,Nigeria,PMO - US,From RDC,N/A - From RDC,Air,Pre-PQ Process,N/A - From RDC,4-Jul-08,4-Jul-08,4-Jul-08,ARV,Adult,SCMS from RDC,"Emtricitabine/Tenofovir Disoproxil Fumarate 200/300mg [Truvada], tablets, 30 Tabs",Emtricitabine/Tenofovir Disoproxil Fumarate,Truvada,300/200mg,Tablet - FDC,30,15000,393750.0,26.25,0.88,"Aspen-OSD, Port Elizabeth, SA",Yes,1365,9904.65,630.0
11196,110-ZM-T01,Pre-PQ Process,SO-1419,DN-606,Zambia,PMO - US,From RDC,N/A - From RDC,Air,Pre-PQ Process,N/A - From RDC,20-Feb-08,20-Feb-08,20-Feb-08,ARV,Pediatric,SCMS from RDC,"Efavirenz 200mg, capsule, 90 Caps",Efavirenz,Generic,200mg,Capsule,90,900,14400.0,16.0,0.18,"Aurobindo Unit III, India",Yes,109,919.66,23.04
84135,101-CD-T30,FPQ-8840,SO-41136,DN-2498,"Congo, DRC",PMO - US,From RDC,N/A - From RDC,Air,11/21/2011,N/A - From RDC,16-Mar-12,14-Feb-12,14-Feb-12,ARV,Adult,SCMS from RDC,"Nevirapine 200mg, tablets, 60 Tabs",Nevirapine,Generic,200mg,Tablet,60,22,56.76,2.58,0.04,"Strides, Bangalore, India.",No,See DN-2498 (ID#:83002),See DN-2498 (ID#:83002),0.08
72988,101-CD-T30,FPQ-13548,SCMS-224840,ASN-24721,"Congo, DRC",PMO - US,Direct Drop,EXW,Air,1/22/2014,1/28/2014,4-Apr-14,4-Apr-14,28-Apr-14,HRDT,HIV test,"Trinity Biotech, Plc","HIV 1/2, Uni-Gold HIV Kit, 20 Tests","HIV 1/2, Uni-Gold HIV Kit",Uni-Gold,,Test kit,20,34,1088.0,32.0,1.6,"Trinity Biotech, Plc",No,See ASN-24721 (ID#:13708),See ASN-24721 (ID#:13708),1.12
4461,116-ZA-T01,Pre-PQ Process,SCMS-23500,ASN-2293,South Africa,PMO - US,Direct Drop,DDP,Truck,Pre-PQ Process,Date Not Captured,20-Aug-08,8-May-08,8-May-08,ARV,Pediatric,S. BUYS WHOLESALER,"Didanosine 25mg [Videx], chewable tablets, 60 Tabs",Didanosine,Videx,25mg,Chewable/dispersible tablet,60,4,52.96,13.24,0.22,"BMS Meymac, France",No,Weight Captured Separately,Freight Included in Commodity Cost,0.08
84115,106-HT-T30,FPQ-7653,SO-39741,DN-2387,Haiti,PMO - US,From RDC,N/A - From RDC,Air,5/11/2011,N/A - From RDC,31-Oct-11,24-Oct-11,24-Oct-11,ARV,Adult,SCMS from RDC,"Stavudine 30mg, capsules, 60 Caps",Stavudine,Generic,30mg,Capsule,60,3850,5390.0,1.4,0.02,"Aurobindo Unit III, India",Yes,230,2936.8,8.89
84111,151-NG-T30,FPQ-7812,SO-39991,DN-2350,Nigeria,PMO - US,From RDC,N/A - From RDC,Air Charter,6/6/2011,N/A - From RDC,3-Nov-11,28-Sep-11,28-Sep-11,ARV,Adult,SCMS from RDC,"Lamivudine/Nevirapine/Zidovudine 150/200/300mg, tablets, 60 Tabs",Lamivudine/Nevirapine/Zidovudine,Generic,150/300/200mg,Tablet - FDC,60,267671,3003268.62,11.22,0.19,"Aurobindo Unit III, India",Yes,37993,18495.9,4955.39
35870,114-UG-T30,FPQ-11153,SCMS-171950,ASN-18631,Uganda,PMO - US,Direct Drop,DDP,Air,12/13/2012,1/17/2013,14-Mar-13,14-Mar-13,14-Mar-13,ARV,Adult,ASPEN PHARMACARE,"Darunavir 300mg [Prezista], tablets, 120 Tabs",Darunavir,Prezista,300mg,Tablet,120,388,25840.8,66.6,0.55,"Aspen-OSD, Port Elizabeth, SA",Yes,68,1571.76,31.97
75848,116-ZA-T30,FPQ-12522,SCMS-199280,ASN-24433,South Africa,PMO - US,Direct Drop,DDP,Truck,7/11/2013,8/13/2013,7-Feb-14,7-Feb-14,7-Feb-14,ARV,Pediatric,S. BUYS WHOLESALER,"Lamivudine 10mg/ml, oral solution w/syringe, Bottle, 240 ml",Lamivudine,Generic,10mg/ml,Oral solution,240,12,94.68,7.89,0.03,"Aurobindo Unit III, India",No,Weight Captured Separately,Freight Included in Commodity Cost,0.12
47077,114-UG-T30,FPQ-15303,SCMS-264962,ASN-32534,Uganda,PMO - US,Direct Drop,EXW,Air,11/11/2014,11/25/2014,15-Jun-15,15-Jun-15,15-Jun-15,ARV,Adult,EMCURE PHARMACEUTICALS LTD,"Atazanavir/Ritonavir 300/100mg, tablets, 30 Tabs",Atazanavir/Ritonavir,Generic,300/100mg,Tablet,30,9235,166230.0,18.0,0.6,"Emcure Plot No.P-2, I.T-B.T. Park, Phase II, MIDC, Hinjwadi, Pune, India",Yes,1197,5375.13,195.65
29479,108-VN-T30,FPQ-14516,SCMS-249041,ASN-29769,Vietnam,PMO - US,Direct Drop,EXW,Air,7/9/2014,11/24/2014,5-Feb-15,5-Feb-15,24-Feb-15,ARV,Adult,MYLAN LABORATORIES LTD (FORMERLY MATRIX LABORATORIES),"Abacavir 300mg, tablets, 60 Tabs",Abacavir,Generic,300mg,Tablet,60,900,9981.0,11.09,0.18,Mylan (formerly Matrix) Nashik,Yes,100,2504.65,10.26
34456,105-GH-T30,FPQ-13809,SCMS-234070,ASN-26109,Ghana,PMO - US,Direct Drop,EXW,Air,3/7/2014,4/14/2014,12-Jun-14,12-Jun-14,12-Jun-14,ARV,Adult,STRIDES ARCOLAB LIMITED,"Efavirenz 600mg, tablets, 30 Tabs",Efavirenz,Generic,600mg,Tablet,30,33144,105729.36,3.19,0.11,"Strides, Bangalore, India.",Yes,1874,9507.26,108.69
86401,104-CI-T30,FPQ-7659,SO-40130,DN-2319,Côte d'Ivoire,PMO - US,From RDC,N/A - From RDC,Air,5/3/2011,N/A - From RDC,27-Sep-11,10-Sep-11,10-Sep-11,ARV,Adult,SCMS from RDC,"Lamivudine 150mg, tablets, 60 Tabs",Lamivudine,Generic,150mg,Tablet,60,17820,41520.6,2.33,0.04,Hetero Unit III Hyderabad IN,Yes,955,12606.03,68.51
83384,123-NG-T30,FPQ-4014,SO-32972,DN-1561,Nigeria,PMO - US,From RDC,N/A - From RDC,Air Charter,7/27/2009,N/A - From RDC,18-Dec-09,18-Dec-09,18-Dec-09,ARV,Adult,SCMS from RDC,"Lamivudine/Zidovudine 150/300mg, tablets, 60 Tabs",Lamivudine/Zidovudine,Generic,150/300mg,Tablet - FDC,60,35300,309228.0,8.76,0.15,"Aurobindo Unit III, India",Yes,3190,11637.64,606.09
25230,161-ZA-T30,FPQ-7175,SCMS-103330,ASN-11045,South Africa,PMO - US,Direct Drop,DDP,Ocean,3/10/2011,3/24/2011,2-Sep-11,2-Sep-11,2-Sep-11,ARV,Adult,Aurobindo Pharma Limited,"Efavirenz 600mg, tablets, 30 Tabs",Efavirenz,Generic,600mg,Tablet,30,174500,786995.0,4.51,0.15,"Aurobindo Unit III, India",Yes,14833,21555.16,1298.54
10797,114-UG-T01,Pre-PQ Process,SO-33570,DN-1464,Uganda,PMO - US,From RDC,N/A - From RDC,Air,Date Not Captured,N/A - From RDC,8-Oct-09,8-Oct-09,8-Oct-09,ARV,Adult,SCMS from RDC,"Lamivudine/Nevirapine/Stavudine 150/200/30mg, tablets, 60 Tabs",Lamivudine/Nevirapine/Stavudine,Generic,150/200/30mg,Tablet - FDC,60,240,1680.0,7.0,0.12,"Cipla, Goa, India",Yes,23,1173.1,3.29
68508,109-TZ-T30,FPQ-4157,SCMS-52771,ASN-5076,Tanzania,PMO - US,Direct Drop,EXW,Air,8/27/2009,9/3/2009,15-Dec-09,15-Dec-09,15-Dec-09,HRDT,HIV test,"Standard Diagnostics, Inc.","HIV 1/2, Bioline 3.0 Kit, (no accessories), 30 Tests","HIV 1/2, Bioline 3.0 Kit (no accessories)",Bioline,,Test kit,30,20000,480000.0,24.0,0.8,"Standard Diagnostics, Korea",Yes,6223,82236.74,940.8
12519,114-UG-T01,Pre-PQ Process,SO-2677,DN-789,Uganda,PMO - US,From RDC,N/A - From RDC,Air,Pre-PQ Process,N/A - From RDC,10-Jul-08,10-Jul-08,10-Jul-08,ARV,Adult,SCMS from RDC,"Stavudine 30mg, capsules, 60 Caps",Stavudine,Generic,30mg,Capsule,60,500,775.0,1.55,0.03,"Aurobindo Unit III, India",Yes,33,578.24,1.24
29951,114-UG-T30,FPQ-12154,SCMS-188330,ASN-20242,Uganda,PMO - US,Direct Drop,EXW,Air,4/23/2013,5/9/2013,15-Jul-13,15-Jul-13,15-Jul-13,HRDT,HIV test - Ancillary,"Orgenics, Ltd","Capillary Tubes, for Determine, EDTA, 50uL,100 Pcs","HIV, Capillary Tubes, for Determine, EDTA, 50uL,100 Pcs",Determine,,Test kit - Ancillary,100,1727,13816.0,8.0,0.08,"Alere Medical Co., Ltd.",Yes,130,534.86,17.09
80925,116-ZA-T30,FPQ-14942,SCMS-259079,ASN-33851,South Africa,PMO - US,Direct Drop,DDP,Truck,9/11/2014,10/9/2014,24-Aug-15,24-Aug-15,24-Aug-15,ARV,Pediatric,PHARMACY DIRECT,"Abacavir 20mg/ml, oral solution, Bottle, 240 ml",Abacavir,Generic,20mg/ml,Oral solution,240,21,398.98,19.0,0.08,"Aurobindo Unit III, India",No,Weight Captured Separately,Freight Included in Commodity Cost,0.41
85790,110-ZM-T30,FPQ-7085,SO-38733,DN-2357,Zambia,PMO - US,From RDC,N/A - From RDC,Truck,2/3/2011,N/A - From RDC,31-Oct-11,26-Sep-11,26-Sep-11,ARV,Adult,SCMS from RDC,"Efavirenz 600mg, tablets, 30 Tabs",Efavirenz,Generic,600mg,Tablet,30,49142,212293.44,4.32,0.14,Hetero Unit III Hyderabad IN,No,See DN-2357 (ID#:84112),See DN-2357 (ID#:84112),350.28
86291,109-TZ-T30,FPQ-5237,SO-36220,DN-1768,Tanzania,PMO - US,From RDC,N/A - From RDC,Air,3/1/2010,N/A - From RDC,21-Jul-10,21-Apr-10,21-Apr-10,ARV,Adult,SCMS from RDC,"Nevirapine 200mg, tablets, 60 Tabs",Nevirapine,Generic,200mg,Tablet,60,3529,9634.17,2.73,0.05,"Cipla, Goa, India",No,See DN-1768 (ID#:86290),See DN-1768 (ID#:86290),20.77
86068,100-ZM-T30,FPQ-12497,SO-45920,DN-3615,Zambia,PMO - US,From RDC,N/A - From RDC,Air,6/20/2013,N/A - From RDC,19-May-14,19-May-14,4-Jun-14,ARV,Adult,SCMS from RDC,"Abacavir 300mg, tablets, 60 Tabs",Abacavir,Generic,300mg,Tablet,60,11209,145268.64,12.96,0.22,Mylan (formerly Matrix) Nashik,Yes,1143,1876.35,179.7
32150,108-VN-T30,FPQ-15823,SCMS-277270,ASN-33526,Vietnam,PMO - US,Direct Drop,FCA,Air,2/13/2015,3/4/2015,14-Sep-15,14-Sep-15,14-Sep-15,ARV,Adult,ABBVIE LOGISTICS (FORMERLY ABBOTT LOGISTICS BV),"Lopinavir/Ritonavir 200/50mg [Aluvia], tablets, 120 Tabs",Lopinavir/Ritonavir,Aluvia,200/50mg,Tablet,120,300,18240.0,60.8,0.51,ABBVIE Ludwigshafen Germany,Yes,Weight Captured Separately,Invoiced Separately,21.47
12197,110-ZM-T01,Pre-PQ Process,SO-1892,DN-694,Zambia,PMO - US,From RDC,N/A - From RDC,,Pre-PQ Process,N/A - From RDC,10-Apr-08,10-Apr-08,10-Apr-08,ARV,Adult,SCMS from RDC,"Efavirenz 600mg, tablets, 30 Tabs",Efavirenz,Generic,600mg,Tablet,30,50000,600500.0,12.01,0.4,Mylan (formerly Matrix) Nashik,Yes,3897,15007.8,960.8
86391,110-ZM-T30,FPQ-6482,SO-37800,DN-2238,Zambia,PMO - US,From RDC,N/A - From RDC,Truck,10/15/2010,N/A - From RDC,30-Apr-11,20-Jun-11,20-Jun-11,ARV,Adult,SCMS from RDC,"Nevirapine 200mg, tablets, 60 Tabs",Nevirapine,Generic,200mg,Tablet,60,31043,77917.93,2.51,0.04,Hetero Unit III Hyderabad IN,Yes,1785,7962.25,167.99
12839,117-ET-T01,Pre-PQ Process,SO-14230,DN-907,Ethiopia,PMO - US,From RDC,N/A - From RDC,Truck,Pre-PQ Process,N/A - From RDC,16-Sep-08,16-Sep-08,16-Sep-08,ARV,Adult,SCMS from RDC,"Ritonavir 100mg [Norvir], capsules, cool, 4 x 84 Caps",Ritonavir,Norvir,100mg,Capsule,336,14,537.04,38.36,0.11,ABBVIE (Abbott) Logis. UK,Yes,25,505,0.86
84740,107-RW-T30,FPQ-9888,SO-42134,DN-2797,Rwanda,PMO - US,From RDC,N/A - From RDC,Air,5/11/2012,N/A - From RDC,31-Aug-12,23-Aug-12,23-Aug-12,ARV,Adult,SCMS from RDC,"Abacavir 300mg, tablets, 60 Tabs",Abacavir,Generic,300mg,Tablet,60,6985,91852.75,13.15,0.22,"Aurobindo Unit III, India",Yes,718,12688.85,128.78
12837,113-ZW-T01,Pre-PQ Process,SO-14000,DN-1044,Zimbabwe,PMO - US,From RDC,N/A - From RDC,Truck,Pre-PQ Process,N/A - From RDC,16-Feb-09,16-Feb-09,16-Feb-09,ARV,Adult,SCMS from RDC,"Efavirenz 600mg, tablets, 30 Tabs",Efavirenz,Generic,600mg,Tablet,30,4000,48040.0,12.01,0.4,"Aurobindo Unit III, India",No,See DN-1044 (ID#:10996),See DN-1044 (ID#:10996),94.16
85796,105-GY-T30,FPQ-8024,SO-40450,DN-2381,Guyana,PMO - US,From RDC,N/A - From RDC,Air,8/19/2011,N/A - From RDC,15-Dec-11,5-Oct-11,5-Oct-11,ARV,Adult,SCMS from RDC,"Lamivudine 150mg, tablets, 60 Tabs",Lamivudine,Generic,150mg,Tablet,60,696,1621.68,2.33,0.04,"Aurobindo Unit III, India",Yes,33,1002.59,2.68
82492,104-CI-T30,FPQ-8790,SO-41201,DN-2756,Côte d'Ivoire,PMO - US,From RDC,N/A - From RDC,Air,11/11/2011,N/A - From RDC,31-Jul-12,31-Jul-12,31-Jul-12,ARV,Adult,SCMS from RDC,"Tenofovir Disoproxil Fumarate 300mg, tablets, 30 Tabs",Tenofovir Disoproxil Fumarate,Generic,300mg,Tablet,30,1499,7225.18,4.82,0.16,"Aurobindo Unit III, India",Yes,123,2252.42,10.13
41697,108-VN-T30,FPQ-10266,SCMS-153060,ASN-16145,Vietnam,PMO - US,Direct Drop,EXW,Air,7/11/2012,7/12/2012,9-Oct-12,9-Oct-12,9-Oct-12,ARV,Adult,HETERO LABS LIMITED,"Nevirapine 200mg, tablets, 60 Tabs",Nevirapine,Generic,200mg,Tablet,60,6414,14944.62,2.33,0.04,Hetero Unit III Hyderabad IN,Yes,425,1032.12,20.95
30475,102-BW-T30,FPQ-5352,SCMS-75630,ASN-7750,Botswana,PMO - US,Direct Drop,EXW,Air,3/30/2010,6/8/2010,6-Sep-10,6-Sep-10,6-Sep-10,HRDT,HIV test,"Orgenics, Ltd","HIV 1/2, Determine Complete HIV Kit, 100 Tests","HIV 1/2, Determine Complete HIV Kit",Determine,,Test kit,100,10,800.0,80.0,0.8,Inverness Japan,Yes,5,760.22,1.72
82872,151-NG-T30,FPQ-4537,SO-35092,DN-1695,Nigeria,PMO - US,From RDC,N/A - From RDC,Air Charter,11/6/2009,N/A - From RDC,19-Apr-10,31-Mar-10,31-Mar-10,ARV,Adult,SCMS from RDC,"Zidovudine 300mg, tablets, 60 Tabs",Zidovudine,Generic,300mg,Tablet,60,1500,11250.0,7.5,0.12,Mylan (formerly Matrix) Nashik,Yes,120,Freight Included in Commodity Cost,24.26
9038,116-ZA-T01,Pre-PQ Process,SCMS-41150,ASN-3759,South Africa,PMO - US,Direct Drop,DDP,Air,Pre-PQ Process,Date Not Captured,1-Apr-09,21-Nov-08,21-Nov-08,ARV,Pediatric,S. BUYS WHOLESALER,"Lopinavir/Ritonavir 80/20mg/ml [Kaletra], oral solution, cool, Bottle 5 x 60 ml",Lopinavir/Ritonavir,Kaletra,80/20mg/ml,Oral solution,300,80,2388.8,29.86,0.1,ABBVIE (Abbott) Logis. UK,No,Weight Captured Separately,Freight Included in Commodity Cost,4.68
36411,116-ZA-T30,FPQ-14942,SCMS-259075,ASN-32138,South Africa,PMO - US,Direct Drop,DDP,Truck,9/11/2014,5/11/2015,12-May-15,12-May-15,12-May-15,ARV,Adult,PHARMACY DIRECT,"Abacavir 300mg, tablets, 60 Tabs",Abacavir,Generic,300mg,Tablet,60,3,149.56,49.85,0.83,"Aurobindo Unit III, India",No,Weight Captured Separately,Freight Included in Commodity Cost,0.15
86539,104-CI-T30,FPQ-10405,SO-42970,DN-2969,Côte d'Ivoire,PMO - US,From RDC,N/A - From RDC,Air,7/24/2012,N/A - From RDC,28-Feb-13,25-Jan-13,25-Jan-13,ARV,Pediatric,SCMS from RDC,"Efavirenz 200mg, scored tablets, 90 Tabs",Efavirenz,Generic,200mg,Tablet,90,4000,29200.0,7.3,0.08,"Strides, Bangalore, India.",Yes,244,3138.35,40.94
82591,109-TZ-T30,FPQ-12278,SO-45720,DN-3236,Tanzania,PMO - US,From RDC,N/A - From RDC,Truck,5/16/2013,N/A - From RDC,29-Aug-13,10-Sep-13,10-Sep-13,ARV,Adult,SCMS from RDC,"Lamivudine/Nevirapine/Zidovudine 150/200/300mg, tablets, 60 Tabs",Lamivudine/Nevirapine/Zidovudine,Generic,150/300/200mg,Tablet - FDC,60,58920,505533.6,8.58,0.14,"Strides, Bangalore, India.",Yes,6560,8057.2,625.35
12824,112-NG-T01,Pre-PQ Process,SO-2727,DN-888,Nigeria,PMO - US,From RDC,N/A - From RDC,Air,Pre-PQ Process,N/A - From RDC,31-Aug-08,31-Aug-08,31-Aug-08,ARV,Adult,SCMS from RDC,"Emtricitabine/Tenofovir Disoproxil Fumarate 200/300mg [Truvada], tablets, 30 Tabs",Emtricitabine/Tenofovir Disoproxil Fumarate,Truvada,300/200mg,Tablet - FDC,30,4,105.0,26.25,0.88,"Aspen-OSD, Port Elizabeth, SA",No,See DN-888 (ID#:11910),See DN-888 (ID#:11910),0.17
83712,101-CD-T30,FPQ-12088,SO-45030,DN-3269,"Congo, DRC",PMO - US,From RDC,N/A - From RDC,Air,4/12/2013,N/A - From RDC,28-Aug-13,8-Feb-14,11-Mar-14,ARV,Pediatric,SCMS from RDC,"Efavirenz 200mg, scored tablets, 90 Tabs",Efavirenz,Generic,200mg,Tablet,90,312,2277.6,7.3,0.08,"Strides, Bangalore, India.",No,See DN-3269 (ID#:83711),See DN-3269 (ID#:83711),2.82
85913,107-RW-T30,FPQ-10119,SO-42700,DN-2915,Rwanda,PMO - US,From RDC,N/A - From RDC,Air,6/18/2012,N/A - From RDC,16-Jan-13,16-Jan-13,16-Jan-13,ARV,Adult,SCMS from RDC,"Lamivudine/Stavudine 150/30mg, tablets, 60 Tabs",Lamivudine/Stavudine,Generic,150/30mg,Tablet - FDC,60,5468,16130.6,2.95,0.05,Hetero Unit III Hyderabad IN,Yes,437,2928.4,22.62
80394,101-CD-T30,FPQ-10044,SCMS-149130,ASN-15970,"Congo, DRC",PMO - US,Direct Drop,EXW,Air,6/5/2012,6/27/2012,1-Mar-13,1-Mar-13,1-Mar-13,HRDT,HIV test,"Trinity Biotech, Plc","HIV 1/2, Uni-Gold HIV Kit, 20 Tests","HIV 1/2, Uni-Gold HIV Kit",Uni-Gold,,Test kit,20,292,9344.0,32.0,1.6,"Trinity Biotech, Plc",Yes,99,2162.55,13.1
56465,116-ZA-T30,FPQ-14942,SCMS-259076,ASN-32524,South Africa,PMO - US,Direct Drop,DDP,Truck,9/11/2014,6/2/2015,2-Jun-15,2-Jun-15,2-Jun-15,ARV,Adult,PHARMACY DIRECT,"Efavirenz 600mg, tablets, 30 Tabs",Efavirenz,Generic,600mg,Tablet,30,38,428.22,11.27,0.38,"Aurobindo Unit III, India",No,Weight Captured Separately,Freight Included in Commodity Cost,0.44
82849,106-HT-T30,FPQ-4384,SO-34670,DN-1559,Haiti,PMO - US,From RDC,N/A - From RDC,Air,10/23/2009,N/A - From RDC,9-Dec-09,1-Dec-09,1-Dec-09,ARV,Adult,SCMS from RDC,"Abacavir 300mg, tablets, 60 Tabs",Abacavir,Generic,300mg,Tablet,60,225,4819.5,21.42,0.36,Mylan (formerly Matrix) Nashik,Yes,306,4030.02,10.39
85528,101-CD-T30,FPQ-14576,SO-49300,DN-3927,"Congo, DRC",PMO - US,From RDC,N/A - From RDC,Air,7/14/2014,N/A - From RDC,30-Oct-14,27-Oct-14,12-Nov-14,ARV,Pediatric,SCMS from RDC,"Efavirenz 200mg, scored tablets, 90 Tabs",Efavirenz,Generic,200mg,Tablet,90,710,6624.3,9.33,0.1,"Strides, Bangalore, India.",No,See DN-3927 (ID#:83845),See DN-3927 (ID#:83845),6.81
75970,105-SS-T30,FPQ-15569,SCMS-272160,ASN-31335,South Sudan,PMO - US,Direct Drop,EXW,Air,12/29/2014,2/20/2015,3-Jun-15,3-Jun-15,5-Jun-15,HRDT,HIV test - Ancillary,"Orgenics, Ltd","Capillary Tubes, for Determine, EDTA, 50uL,100 Pcs","HIV, Capillary Tubes, for Determine, EDTA, 50uL,100 Pcs",Determine,,Test kit - Ancillary,100,15,120.0,8.0,0.08,"Alere Medical Co., Ltd.",No,See ASN-31335 (ID#:42778),See ASN-31335 (ID#:42778),0.14
1134,102-KE-T01,Pre-PQ Process,SCMS-42980,ASN-4343,Kenya,PMO - US,Direct Drop,EXW,Air,Pre-PQ Process,4/4/2009,10-Jul-09,10-Jul-09,10-Jul-09,HRDT,HIV test,"Orgenics, Ltd","HIV 1/2, Determine Complete HIV Kit, 100 Tests","HIV 1/2, Determine Complete HIV Kit",Determine,,Test kit,100,7500,600000.0,80.0,0.8,Inverness Japan,Yes,2215,16835.31,1176.0
12903,106-HT-T01,Pre-PQ Process,SO-32760,DN-1373,Haiti,PMO - US,From RDC,N/A - From RDC,Air,Date Not Captured,N/A - From RDC,31-Jul-09,31-Jul-09,31-Jul-09,ARV,Pediatric,SCMS from RDC,"Zidovudine 100mg, capsules, 100 Caps",Zidovudine,Generic,100mg,Capsule,100,1260,6300.0,5.0,0.05,"Aurobindo Unit III, India",No,See DN-1373 (ID#:11062),See DN-1373 (ID#:11062),12.35
85778,104-CI-T30,FPQ-7659,SO-40121,DN-2304,Côte d'Ivoire,PMO - US,From RDC,N/A - From RDC,Air,5/3/2011,N/A - From RDC,27-Sep-11,12-Sep-11,12-Sep-11,ARV,Adult,SCMS from RDC,"Emtricitabine/Tenofovir Disoproxil Fumarate 200/300mg, tablets, 30 Tabs",Emtricitabine/Tenofovir Disoproxil Fumarate,Generic,200/300mg,Tablet - FDC,30,4269,44995.26,10.54,0.35,Mylan (formerly Matrix) Nashik,No,See DN-2304 (ID#:82395),See DN-2304 (ID#:82395),74.24
85494,111-MZ-T30,FPQ-14226,SO-48883,DN-3875,Mozambique,PMO - US,From RDC,N/A - From RDC,Truck,5/2/2014,N/A - From RDC,31-Dec-14,30-Oct-14,7-Nov-14,ARV,Adult,SCMS from RDC,"Efavirenz/Lamivudine/Tenofovir Disoproxil Fumarate 600/300/300mg, tablets, 30 Tabs",Efavirenz/Lamivudine/Tenofovir Disoproxil Fumarate,Generic,600/300/300mg,Tablet - FDC,30,18886,203591.08,10.78,0.36,"Aurobindo Unit VII, IN",No,See DN-3875 (ID#:83255),See DN-3875 (ID#:83255),209.29
10588,104-CI-T01,Pre-PQ Process,SO-963,DN-323,Côte d'Ivoire,PMO - US,From RDC,N/A - From RDC,,Pre-PQ Process,N/A - From RDC,14-Sep-07,14-Sep-07,14-Sep-07,ARV,Adult,SCMS from RDC,"Indinavir 400mg [Crixivan], capsules, 180 Caps",Indinavir,Crixivan,400mg,Capsule,180,1076,53800.0,50.0,0.28,MSD Elkton USA,Yes,1286,7629.94,86.08
20462,104-CI-T30,FPQ-5209,SCMS-75381,ASN-7842,Côte d'Ivoire,PMO - US,Direct Drop,EXW,Air,2/25/2010,6/7/2010,8-Sep-10,8-Sep-10,8-Sep-10,HRDT,HIV test,"Orgenics, Ltd","HIV 1/2, Determine HIV Kit, without Lancets, 100 Tests","HIV 1/2, Determine HIV Kit, without Lancets",Determine,,Test kit,100,3000,233100.0,77.7,0.78,Inverness Japan,Yes,680,11463.46,502.56
12823,130-NG-T01,Pre-PQ Process,SO-10660,DN-1011,Nigeria,PMO - US,From RDC,N/A - From RDC,Air,Pre-PQ Process,N/A - From RDC,20-Nov-08,20-Nov-08,20-Nov-08,ARV,Adult,SCMS from RDC,"Lamivudine/Stavudine 150/30mg, tablets, 60 Tabs",Lamivudine/Stavudine,Generic,150/30mg,Tablet - FDC,60,1152,4492.8,3.9,0.06,Mylan (formerly Matrix) Nashik,Yes,85,1266.05,8.81
28515,161-ZA-T30,FPQ-6262,SCMS-83790,ASN-9179,South Africa,PMO - US,Direct Drop,DDP,Ocean,8/31/2010,9/24/2010,6-Jan-11,31-Jan-11,31-Jan-11,ARV,Pediatric,Aurobindo Pharma Limited,"Nevirapine 10mg/ml, oral suspension w/syringe, Bottle, 240 ml",Nevirapine,Generic,10mg/ml,Oral suspension,240,14065,29817.8,2.12,0.01,"Aurobindo Unit III, India",Yes,6196,1220.84,64.29
83768,101-CD-T30,FPQ-13554,SO-47630,DN-3561,"Congo, DRC",PMO - US,From RDC,N/A - From RDC,Air,1/15/2014,N/A - From RDC,30-May-14,19-May-14,26-Jun-14,ARV,Pediatric,SCMS from RDC,"Efavirenz 200mg, scored tablets, 90 Tabs",Efavirenz,Generic,200mg,Tablet,90,510,4743.0,9.3,0.1,"Strides, Bangalore, India.",No,See DN-3561 (ID#:82654),See DN-3561 (ID#:82654),4.88
26791,116-ZA-T30,FPQ-13214,SCMS-215410,ASN-23875,South Africa,PMO - US,Direct Drop,DDP,Truck,11/14/2013,12/2/2013,13-Jan-14,13-Jan-14,13-Jan-14,ARV,Adult,S. BUYS WHOLESALER,"Lamivudine 150mg [Epivir], tablets, 60 Tabs",Lamivudine,Epivir,150mg,Tablet,60,2314,26605.58,11.5,0.19,GSK Cape Town Factory (South Africa),No,Weight Captured Separately,Freight Included in Commodity Cost,27.35
3870,102-BW-T01,Pre-PQ Process,SCMS-46070,ASN-4144,Botswana,PMO - US,Direct Drop,EXW,Air,Pre-PQ Process,5/27/2009,12-Jun-09,12-Jun-09,12-Jun-09,HRDT,HIV test,Orasure Technologies Inc.,"HIV 1/2, OraQuick Advance HIV Rapid Antibody Kit, 100 Tests","HIV 1/2, OraQuick Advance HIV Rapid Antibody Kit",OraQuick,,Test kit,100,1,350.0,350.0,3.5,"Pacific Biotech, Thailand",Yes,3,597.43,0.69
56870,116-ZA-T30,FPQ-13973,SCMS-238550,ASN-30792,South Africa,PMO - US,Direct Drop,DDP,Truck,4/30/2014,5/8/2014,19-Feb-15,19-Feb-15,19-Feb-15,ARV,Adult,PHARMACY DIRECT,"Nevirapine 200mg, tablets, 60 Tabs",Nevirapine,Generic,200mg,Tablet,60,3,53.24,17.75,0.3,"Aurobindo Unit III, India",No,Weight Captured Separately,Freight Included in Commodity Cost,0.05
84033,100-DO-T30,FPQ-6079,SO-37200,DN-1985,Dominican Republic,PMO - US,From RDC,N/A - From RDC,Air,7/16/2010,N/A - From RDC,30-Aug-10,28-Aug-10,28-Aug-10,ARV,Adult,SCMS from RDC,"Lamivudine/Nevirapine/Zidovudine 150/200/300mg, tablets, 60 Tabs",Lamivudine/Nevirapine/Zidovudine,Generic,150/300/200mg,Tablet - FDC,60,9000,100980.0,11.22,0.19,"Aurobindo Unit III, India",No,See DN-1985 (ID#:82911),See DN-1985 (ID#:82911),217.71
82621,111-MZ-T30,FPQ-11884,SO-44867,DN-3427,Mozambique,PMO - US,From RDC,N/A - From RDC,Truck,3/19/2013,N/A - From RDC,15-Jan-14,15-Jan-14,31-Jan-14,ARV,Adult,SCMS from RDC,"Efavirenz/Lamivudine/Tenofovir Disoproxil Fumarate 600/300/300mg, tablets, 30 Tabs",Efavirenz/Lamivudine/Tenofovir Disoproxil Fumarate,Generic,600/300/300mg,Tablet - FDC,30,44840,499966.0,11.15,0.37,Mylan (formerly Matrix) Nashik,Yes,5065,5419.21,618.46
80002,106-HT-T30,FPQ-12590,SCMS-210420,ASN-23851,Haiti,PMO - US,Direct Drop,CIP,Air,8/21/2013,10/22/2013,12-Feb-14,12-Feb-14,14-Feb-14,ARV,Adult,MERCK SHARP & DOHME IDEA GMBH (FORMALLY MERCK SHARP & DOHME B.V.),"Raltegravir 400mg [Isentress], tablets, 60 Tabs",Raltegravir,Isentress,400mg,Tablet,60,17,943.5,55.5,0.92,"MSD, Haarlem, NL",Yes,Weight Captured Separately,Freight Included in Commodity Cost,1.17
36603,108-VN-T30,FPQ-13524,SCMS-226240,ASN-25803,Vietnam,PMO - US,Direct Drop,EXW,Air,2/6/2014,3/10/2014,7-Jun-14,7-Jun-14,7-Jun-14,ARV,Adult,Aurobindo Pharma Limited,"Nevirapine 200mg, tablets, 60 Tabs",Nevirapine,Generic,200mg,Tablet,60,7400,16650.0,2.25,0.04,"Aurobindo Unit III, India",Yes,730,1338.19,17.12
24488,116-ZA-T30,FPQ-14942,SCMS-259074,ASN-31069,South Africa,PMO - US,Direct Drop,DDP,Truck,9/11/2014,3/9/2015,9-Mar-15,9-Mar-15,9-Mar-15,ARV,Adult,PHARMACY DIRECT,"Darunavir 300mg [Prezista], tablets, 120 Tabs",Darunavir,Prezista,300mg,Tablet,120,47,2215.03,47.13,0.39,"Janssen-Cilag, Latina, IT",Yes,Weight Captured Separately,Freight Included in Commodity Cost,2.28
12597,106-HT-T01,Pre-PQ Process,SO-30170,DN-1309,Haiti,PMO - US,From RDC,N/A - From RDC,Air,Pre-PQ Process,N/A - From RDC,24-Jun-09,24-Jun-09,24-Jun-09,ARV,Adult,SCMS from RDC,"Lamivudine/Zidovudine 150/300mg, tablets, 60 Tabs",Lamivudine/Zidovudine,Generic,150/300mg,Tablet - FDC,60,25824,226218.24,8.76,0.15,"Aurobindo Unit III, India",Yes,2359,26714.63,443.39
78120,108-VN-T30,FPQ-7427,SCMS-105500,ASN-12079,Vietnam,PMO - US,Direct Drop,EXW,Air,3/31/2011,4/14/2011,19-Oct-11,19-Oct-11,19-Oct-11,ARV,Adult,HETERO LABS LIMITED,"Nevirapine 200mg, tablets, 60 Tabs",Nevirapine,Generic,200mg,Tablet,60,7000,17010.0,2.43,0.04,Hetero Unit III Hyderabad IN,Yes,512,6015.18,28.07
53108,107-RW-T30,FPQ-13651,SCMS-227730,ASN-24931,Rwanda,PMO - US,Direct Drop,EXW,Air,2/5/2014,2/28/2014,4-Apr-14,4-Apr-14,22-Apr-14,ARV,Pediatric,MICRO LABS LIMITED,"Efavirenz 50mg, capsule, 30 Caps",Efavirenz,Generic,50mg,Capsule,30,924,1755.6,1.9,0.06,"Micro labs, Verna, Goa, India",Yes,45,1411.52,1.8
22373,111-MZ-T30,FPQ-11915,SCMS-185210,ASN-20547,Mozambique,PMO - US,Direct Drop,EXW,Air,3/20/2013,4/11/2013,13-Aug-13,13-Aug-13,13-Aug-13,ARV,Adult,HETERO LABS LIMITED,"Zidovudine 300mg, tablets, 60 Tabs",Zidovudine,Generic,300mg,Tablet,60,67098,369039.0,5.5,0.09,Hetero Unit III Hyderabad IN,Yes,3957,18263.45,456.5
66349,900-SS-T30,FPQ-8611,SCMS-127500,ASN-13396,South Sudan,PMO - US,Direct Drop,EXW,Air,11/4/2011,11/16/2011,9-Feb-12,9-Feb-12,9-Feb-12,HRDT,HIV test,"Trinity Biotech, Plc","HIV 1/2, Uni-Gold HIV Kit, 20 Tests","HIV 1/2, Uni-Gold HIV Kit",Uni-Gold,,Test kit,20,240,7680.0,32.0,1.6,"Trinity Biotech, Plc",Yes,82,1504.59,10.77
10716,114-UG-T01,Pre-PQ Process,SO-17910,DN-1068,Uganda,PMO - US,From RDC,N/A - From RDC,Air,Pre-PQ Process,N/A - From RDC,19-Feb-09,19-Feb-09,19-Feb-09,ARV,Adult,SCMS from RDC,"Efavirenz 600mg, tablets, 30 Tabs",Efavirenz,Generic,600mg,Tablet,30,1747,19217.0,11.0,0.37,"Aurobindo Unit III, India",Yes,152,1340.96,37.67
85654,114-UG-T30,FPQ-5014,SO-35870,DN-1654,Uganda,PMO - US,From RDC,N/A - From RDC,Air,1/29/2010,N/A - From RDC,18-Mar-10,17-Mar-10,17-Mar-10,ARV,Adult,SCMS from RDC,"Lamivudine/Zidovudine 150/300mg, tablets, 60 Tabs",Lamivudine/Zidovudine,Generic,150/300mg,Tablet - FDC,60,3000,26280.0,8.76,0.15,Mylan (formerly Matrix) Nashik,No,See DN-1654 (ID#:82295),See DN-1654 (ID#:82295),56.66
45160,102-SS-T30,FPQ-9038,SCMS-137180,ASN-14933,South Sudan,PMO - US,Direct Drop,EXW,Air,1/17/2012,2/15/2012,4-Jun-12,4-Jun-12,4-Jun-12,HRDT,HIV test,"Trinity Biotech, Plc","HIV 1/2, Uni-Gold HIV Kit, 20 Tests","HIV 1/2, Uni-Gold HIV Kit",Uni-Gold,,Test kit,20,176,5632.0,32.0,1.6,"Trinity Biotech, Plc",Yes,71,1743.35,7.9
12273,109-TZ-T01,Pre-PQ Process,SO-18740,DN-1180,Tanzania,PMO - US,From RDC,N/A - From RDC,Truck,Pre-PQ Process,N/A - From RDC,11-May-09,11-May-09,11-May-09,ARV,Adult,SCMS from RDC,"Emtricitabine/Tenofovir Disoproxil Fumarate 200/300mg [Truvada], tablets, 30 Tabs",Emtricitabine/Tenofovir Disoproxil Fumarate,Truvada,300/200mg,Tablet - FDC,30,20240,531300.0,26.25,0.88,"Aspen-OSD, Port Elizabeth, SA",No,See DN-1180 (ID#:11033),See DN-1180 (ID#:11033),1041.35
85209,106-HT-T30,FPQ-7653,SO-39743,DN-2428,Haiti,PMO - US,From RDC,N/A - From RDC,Air,5/11/2011,N/A - From RDC,31-Dec-11,20-Dec-11,20-Dec-11,ARV,Pediatric,SCMS from RDC,"Abacavir 20mg/ml, oral solution w/syringe, Bottle, 240 ml",Abacavir,Generic,20mg/ml,Oral solution,240,320,4000.0,12.5,0.05,"Aurobindo Unit III, India",Yes,122,2053.52,6.6
84868,107-RW-T30,FPQ-12190,SO-45390,DN-3421,Rwanda,PMO - US,From RDC,N/A - From RDC,Truck,5/6/2013,N/A - From RDC,31-Jan-14,23-Dec-13,17-Jan-14,ARV,Pediatric,SCMS from RDC,"Abacavir 20mg/ml, oral solution w/syringe, Bottle, 240 ml",Abacavir,Generic,20mg/ml,Oral solution,240,6816,58004.16,8.51,0.04,"Aurobindo Unit III, India",No,See DN-3421 (ID#:82617),See DN-3421 (ID#:82617),71.75
84967,111-MZ-T30,FPQ-13575,SO-47703,DN-3865,Mozambique,PMO - US,From RDC,N/A - From RDC,Truck,1/17/2014,N/A - From RDC,31-Aug-14,30-Oct-14,13-Nov-14,ARV,Adult,SCMS from RDC,"Efavirenz 600mg, tablets, 30 Tabs",Efavirenz,Generic,600mg,Tablet,30,6600,21186.0,3.21,0.11,"Strides, Bangalore, India.",No,See DN-3865 (ID#:82723),See DN-3865 (ID#:82723),21.78
74930,110-ZM-T30,FPQ-4141,SCMS-53261,ASN-5854,Zambia,PMO - US,Direct Drop,EXW,Air,8/31/2009,9/11/2009,28-Jan-10,28-Jan-10,28-Jan-10,HRDT,HIV test,"Orgenics, Ltd","HIV 1/2, Determine Complete HIV Kit, 100 Tests","HIV 1/2, Determine Complete HIV Kit",Determine,,Test kit,100,2898,208656.0,72.0,0.72,Inverness Japan,Yes,1409,21714.68,408.97
83463,104-CI-T30,FPQ-5925,SO-37150,DN-2035,Côte d'Ivoire,PMO - US,From RDC,N/A - From RDC,Truck,6/23/2010,N/A - From RDC,30-Nov-10,26-Nov-10,26-Nov-10,ARV,Adult,SCMS from RDC,"Emtricitabine/Tenofovir Disoproxil Fumarate 200/300mg, tablets, 30 Tabs",Emtricitabine/Tenofovir Disoproxil Fumarate,Generic,200/300mg,Tablet - FDC,30,9760,114680.0,11.75,0.39,Mylan (formerly Matrix) Nashik,No,See DN-2035 (ID#:82356),See DN-2035 (ID#:82356),247.25
83401,113-ZW-T30,FPQ-4694,SO-35360,DN-1658,Zimbabwe,PMO - US,From RDC,N/A - From RDC,Truck,12/8/2009,N/A - From RDC,30-Mar-10,12-Mar-10,12-Mar-10,ARV,Adult,SCMS from RDC,"Lamivudine/Nevirapine/Stavudine 150/200/30mg, tablets, 60 Tabs",Lamivudine/Nevirapine/Stavudine,Generic,150/200/30mg,Tablet - FDC,60,36100,220571.0,6.11,0.1,"Cipla, Goa, India",Yes,3955,13208.56,475.55
10623,112-NG-T01,Pre-PQ Process,SO-565,DN-373,Nigeria,PMO - US,From RDC,N/A - From RDC,Air,Pre-PQ Process,N/A - From RDC,20-Sep-07,20-Sep-07,20-Sep-07,ARV,Adult,SCMS from RDC,"Lamivudine/Zidovudine+Nevirapine 150/300+200mg, tablets, co-blister, 60+60 Tabs",Lamivudine/Zidovudine+Nevirapine,Generic,150/300+200mg,Tablet - FDC + co-blister,120,9980,204590.0,20.5,0.17,"Aspen-OSD, Port Elizabeth, SA",Yes,2846,13873,327.34
10867,104-CI-T01,Pre-PQ Process,SO-792,DN-356,Côte d'Ivoire,PMO - US,From RDC,N/A - From RDC,,Pre-PQ Process,N/A - From RDC,19-Sep-07,19-Sep-07,19-Sep-07,HRDT,HIV test,SCMS from RDC,"#108853** HIV, Genie II HIV-1/HIV-2 Kit, 40 Tests","HIV, Genie II HIV-1/HIV-2 Kit",Genie,,Test kit,40,230,17480.0,76.0,1.9,Bio-Rad Laboratories,Yes,917,6056.76,27.97
15984,161-ZA-T30,FPQ-6708,SCMS-93580,ASN-9951,South Africa,PMO - US,Direct Drop,DDP,Ocean,11/26/2010,12/14/2010,8-Apr-11,8-Apr-11,8-Apr-11,ARV,Adult,CIPLA LIMITED,"Tenofovir Disoproxil Fumarate 300mg, tablets, 30 Tabs",Tenofovir Disoproxil Fumarate,Generic,300mg,Tablet,30,137654,944306.44,6.86,0.23,"Cipla, Goa, India",Yes,9147,11314.2,1558.11
47035,103-AO-T30,FPQ-11252,SCMS-171790,ASN-17969,Angola,PMO - US,Direct Drop,EXW,Air,12/12/2012,1/11/2013,12-Mar-13,12-Mar-13,12-Mar-13,ARV,Pediatric,Aurobindo Pharma Limited,"Efavirenz 50mg, capsule, 30 Caps",Efavirenz,Generic,50mg,Capsule,30,360,806.4,2.24,0.07,"Aurobindo Unit III, India",Yes,21,840.17,1.0
75177,116-ZA-T30,FPQ-12522,SCMS-199288,ASN-27198,South Africa,PMO - US,Direct Drop,DDP,Truck,7/11/2013,7/10/2014,10-Jul-14,10-Jul-14,10-Jul-14,ARV,Pediatric,S. BUYS WHOLESALER,"Lopinavir/Ritonavir 80/20mg/ml [Kaletra], oral solution, cool, Bottle 5 x 60 ml",Lopinavir/Ritonavir,Kaletra,80/20mg/ml,Oral solution,300,4,93.81,23.45,0.08,ABBVIE (Abbott) Logis. UK,Yes,Weight Captured Separately,Freight Included in Commodity Cost,0.12
7696,106-HT-T01,Pre-PQ Process,SCMS-40010,ASN-3629,Haiti,PMO - US,Direct Drop,EXW,Air,Pre-PQ Process,3/6/2009,7-Apr-09,7-Apr-09,7-Apr-09,ARV,Pediatric,Aurobindo Pharma Limited,"Efavirenz 50mg, capsule, 30 Caps",Efavirenz,Generic,50mg,Capsule,30,1242,2782.08,2.24,0.07,"Aurobindo Unit III, India",Yes,96,1448.55,5.45
5303,113-ZW-T01,Pre-PQ Process,SCMS-348,ASN-286,Zimbabwe,PMO - US,Direct Drop,CIP,Air,Pre-PQ Process,1/19/2007,19-Mar-07,19-Mar-07,19-Mar-07,ARV,Pediatric,BRISTOL-MYERS SQUIBB,"Didanosine 50mg [Videx], chewable tablets, 60 Tabs",Didanosine,Videx,50mg,Chewable/dispersible tablet,60,54,513.0,9.5,0.16,"BMS Meymac, France",Yes,Weight Captured Separately,Freight Included in Commodity Cost,
5059,116-ZA-T01,Pre-PQ Process,SCMS-41586,ASN-4387,South Africa,PMO - US,Direct Drop,DDP,Air,Pre-PQ Process,3/27/2009,25-Jun-09,15-Apr-09,15-Apr-09,ARV,Adult,S. BUYS WHOLESALER,"Lamivudine 150mg, tablets, 60 Tabs",Lamivudine,Generic,150mg,Tablet,60,9620,68109.6,7.08,0.12,"Aurobindo Unit III, India",Yes,Weight Captured Separately,Freight Included in Commodity Cost,133.49
29125,107-RW-T30,FPQ-6185,SCMS-84410,ASN-9123,Rwanda,PMO - US,Direct Drop,CIP,Air,9/3/2010,9/27/2010,23-Dec-10,23-Dec-10,23-Dec-10,ARV,Adult,CIPLA LIMITED,"Lopinavir/Ritonavir 200/50mg, tablets, 120 Tabs",Lopinavir/Ritonavir,Generic,200/50mg,Tablet,120,7634,261846.2,34.3,0.29,Cipla Ltd A-42 MIDC Mahar. IN,Yes,2386,1398,564.54
8213,102-NG-T01,Pre-PQ Process,SCMS-15060,ASN-1366,Nigeria,PMO - US,Direct Drop,DDP,,Pre-PQ Process,12/20/2007,24-Jan-08,24-Jan-08,24-Jan-08,HRDT,HIV test,BUNDI INTERNATIONAL DIAGNOSTICS LTD,"HIV 1/2, Bundi Rapid HIV Kit, 25 Tests","HIV 1/2, Bundi Rapid HIV Kit",Bundi,,Test kit,1,600,22500.0,37.5,37.5,Not Applicable,Yes,Weight Captured Separately,Freight Included in Commodity Cost,36.0
83862,111-MZ-T30,FPQ-14226,SO-48880,DN-4032,Mozambique,PMO - US,From RDC,N/A - From RDC,Truck,5/2/2014,N/A - From RDC,2-Mar-15,2-Mar-15,9-Mar-15,ARV,Adult,SCMS from RDC,"Lopinavir/Ritonavir 200/50mg, tablets, 120 Tabs",Lopinavir/Ritonavir,Generic,200/50mg,Tablet,120,29998,581361.24,19.38,0.16,Mylan (formerly Matrix) Nashik,No,See DN-4032 (ID#:82757),See DN-4032 (ID#:82757),597.64
84734,114-UG-T30,FPQ-9355,SO-41593,DN-2744,Uganda,PMO - US,From RDC,N/A - From RDC,Truck,2/20/2012,N/A - From RDC,5-Sep-12,26-Jul-12,26-Jul-12,ARV,Adult,SCMS from RDC,"Efavirenz/Emtricitabine/Tenofovir Disoproxil Fumarate 600/200/300mg, tablets, 30 Tabs",Efavirenz/Emtricitabine/Tenofovir Disoproxil Fumarate,Generic,600/200/300mg,Tablet - FDC,30,6150,92496.0,15.04,0.5,Mylan (formerly Matrix) Nashik,No,See DN-2744 (ID#:82490),See DN-2744 (ID#:82490),129.68
12493,114-UG-T01,Pre-PQ Process,SO-2341,DN-714,Uganda,PMO - US,From RDC,N/A - From RDC,Air,Pre-PQ Process,N/A - From RDC,19-May-08,19-May-08,19-May-08,ARV,Adult,SCMS from RDC,"Lamivudine/Zidovudine 150/300mg, tablets, 60 Tabs",Lamivudine/Zidovudine,Generic,150/300mg,Tablet - FDC,60,800,7560.0,9.45,0.16,"Aurobindo Unit III, India",Yes,75,935.8,12.1
63802,161-ZA-T30,FPQ-6262,SCMS-84230,ASN-9616,South Africa,PMO - US,Direct Drop,DDP,Ocean,8/31/2010,9/21/2010,5-Apr-11,5-Apr-11,5-Apr-11,ARV,Adult,STRIDES ARCOLAB LIMITED,"Nevirapine 200mg, tablets, 60 Tabs",Nevirapine,Generic,200mg,Tablet,60,65072,186756.64,2.87,0.05,"Strides, Bangalore, India.",Yes,4194,17278.96,402.65
61190,108-VN-T30,FPQ-7427,SCMS-105530,ASN-11955,Vietnam,PMO - US,Direct Drop,EXW,Air,3/31/2011,4/14/2011,26-Sep-11,26-Sep-11,26-Sep-11,ARV,Adult,HETERO LABS LIMITED,"Lamivudine/Zidovudine 150/300mg, tablets, 60 Tabs",Lamivudine/Zidovudine,Generic,150/300mg,Tablet - FDC,60,10249,84041.8,8.2,0.14,Hetero Unit III Hyderabad IN,Yes,5495,23372.43,138.67
10759,102-KE-T01,Pre-PQ Process,SO-18001,DN-1189,Kenya,PMO - US,From RDC,N/A - From RDC,Truck,Pre-PQ Process,N/A - From RDC,27-Apr-09,27-Apr-09,27-Apr-09,HRDT,HIV test,SCMS from RDC,"HIV 1/2, Bioline 3.0 Kit, (no accessories), 30 Tests","HIV 1/2, Bioline 3.0 Kit (no accessories)",Bioline,,Test kit,30,5000,118500.0,23.7,0.79,"Standard Diagnostics, Korea",Yes,Weight Captured Separately,Invoiced Separately,232.26
84509,106-HT-T30,FPQ-4469,SO-34240,DN-1530,Haiti,PMO - US,From RDC,N/A - From RDC,Air,9/23/2009,N/A - From RDC,30-Nov-09,30-Nov-09,30-Nov-09,ARV,Adult,SCMS from RDC,"Stavudine 15mg, capsules, 60 Caps",Stavudine,Generic,15mg,Capsule,60,108,162.0,1.5,0.02,"Aurobindo Unit III, India",No,See DN-1530 (ID#:83964),See DN-1530 (ID#:83964),0.35
10997,110-ZM-T01,Pre-PQ Process,SO-1896,DN-856,Zambia,PMO - US,From RDC,N/A - From RDC,,Pre-PQ Process,N/A - From RDC,20-Aug-08,20-Aug-08,20-Aug-08,ARV,Adult,SCMS from RDC,"Efavirenz 600mg, tablets, 30 Tabs",Efavirenz,Generic,600mg,Tablet,30,50000,600500.0,12.01,0.4,Mylan (formerly Matrix) Nashik,Yes,3880,3817.12,960.8
83295,111-MZ-T30,FPQ-14226,SO-48887,DN-4051,Mozambique,PMO - US,From RDC,N/A - From RDC,Truck,5/2/2014,N/A - From RDC,23-Mar-15,23-Mar-15,23-Mar-15,ARV,Adult,SCMS from RDC,"Lamivudine/Nevirapine/Stavudine 150/200/30mg, tablets, 60 Tabs",Lamivudine/Nevirapine/Stavudine,Generic,150/200/30mg,Tablet - FDC,60,46962,202875.84,4.32,0.07,Hetero Unit III Hyderabad IN,Yes,5097,Freight Included in Commodity Cost,208.56
85905,900-CM-T30,FPQ-10641,SO-43390,DN-2886,Cameroon,PMO - US,From RDC,N/A - From RDC,Air Charter,9/19/2012,N/A - From RDC,24-Oct-12,17-Oct-12,17-Oct-12,ARV,Adult,SCMS from RDC,"Lamivudine/Zidovudine 150/300mg, tablets, 60 Tabs",Lamivudine/Zidovudine,Generic,150/300mg,Tablet - FDC,60,28057,216600.04,7.72,0.13,Hetero Unit III Hyderabad IN,No,See DN-2886 (ID#:82519),See DN-2886 (ID#:82519),303.67
80216,116-ZA-T30,FPQ-14942,SCMS-259071,ASN-29597,South Africa,PMO - US,Direct Drop,DDP,Truck,9/11/2014,11/28/2014,28-Nov-14,28-Nov-14,28-Nov-14,ARV,Adult,PHARMACY DIRECT,"Didanosine 400mg, delayed-release capsules, 30 Caps",Didanosine,Generic,400mg,Delayed-release capsules,30,7,99.53,14.22,0.47,"Aurobindo Unit III, India",No,Weight Captured Separately,Freight Included in Commodity Cost,0.1
52380,161-ZA-T30,FPQ-7400,SCMS-104220,ASN-12745,South Africa,PMO - US,Direct Drop,DDP,Ocean,3/11/2011,3/30/2011,9-Jan-12,9-Jan-12,9-Jan-12,ARV,Pediatric,GLAXOSMITHKLINE EXPORT LIMITED,"Abacavir 20mg/ml [Ziagen], oral solution, Bottle, 240 ml",Abacavir,Ziagen,20mg/ml,Oral solution,240,17337,160887.36,9.28,0.04,GSK Mississauga (Canada),Yes,6680,3755.91,265.46
85715,104-CI-T30,FPQ-5925,SO-37150,DN-2035,Côte d'Ivoire,PMO - US,From RDC,N/A - From RDC,Truck,6/23/2010,N/A - From RDC,30-Nov-10,26-Nov-10,26-Nov-10,ARV,Pediatric,SCMS from RDC,"Abacavir 20mg/ml, oral solution, Bottle, 240 ml",Abacavir,Generic,20mg/ml,Oral solution,240,412,5603.2,13.6,0.06,"Aurobindo Unit III, India",No,See DN-2035 (ID#:82356),See DN-2035 (ID#:82356),12.08
84883,151-NG-T30,FPQ-12248,SO-45663,DN-3494,Nigeria,PMO - US,From RDC,N/A - From RDC,Air Charter,5/6/2013,N/A - From RDC,17-Jan-14,10-Jan-14,15-Jan-14,ARV,Adult,SCMS from RDC,"Efavirenz/Lamivudine/Tenofovir Disoproxil Fumarate 600/300/300mg, tablets, 30 Tabs",Efavirenz/Lamivudine/Tenofovir Disoproxil Fumarate,Generic,600/300/300mg,Tablet - FDC,30,14,156.1,11.15,0.37,Hetero Unit III Hyderabad IN,Yes,38142,49199.75,0.19
84930,151-NG-T30,FPQ-13293,SO-47283,DN-3718,Nigeria,PMO - US,From RDC,N/A - From RDC,Air Charter,11/19/2013,N/A - From RDC,30-Jun-14,9-May-14,23-May-14,ARV,Adult,SCMS from RDC,"Lamivudine/Zidovudine 150/300mg, tablets, 60 Tabs",Lamivudine/Zidovudine,Generic,150/300mg,Tablet - FDC,60,92125,608025.0,6.6,0.11,Mylan (formerly Matrix) Nashik,Yes,7982,45180.63,625.05
84241,114-UG-T30,FPQ-11143,SO-43941,DN-3069,Uganda,PMO - US,From RDC,N/A - From RDC,Air,12/13/2012,N/A - From RDC,25-Apr-13,25-Apr-13,25-Apr-13,ARV,Adult,SCMS from RDC,"Abacavir/Lamivudine 600/300mg, scored tablets, 30 Tabs",Abacavir/Lamivudine,Generic,600/300mg,Tablet - FDC,30,7051,98431.96,13.96,0.47,Mylan (formerly Matrix) Nashik,No,See DN-3069 (ID#:83124),See DN-3069 (ID#:83124),121.76
11811,104-CI-T01,Pre-PQ Process,SO-1101,DN-434,Côte d'Ivoire,PMO - US,From RDC,N/A - From RDC,Air,Pre-PQ Process,N/A - From RDC,22-Nov-07,22-Nov-07,22-Nov-07,ARV,Adult,SCMS from RDC,"Zidovudine 300mg, tablets, 60 Tabs",Zidovudine,Generic,300mg,Tablet,60,14490,118093.5,8.15,0.14,"Aurobindo Unit III, India",No,See DN-434 (ID#:11483),See DN-434 (ID#:11483),188.95
11245,110-ZM-T01,Pre-PQ Process,SO-1880,DN-639,Zambia,PMO - US,From RDC,N/A - From RDC,Truck,Pre-PQ Process,N/A - From RDC,14-Mar-08,14-Mar-08,14-Mar-08,ARV,Adult,SCMS from RDC,"Nevirapine 200mg, tablets, 60 Tabs",Nevirapine,Generic,200mg,Tablet,60,27662,94050.8,3.4,0.06,Hetero Unit III Hyderabad IN,Yes,4128,6539.8,150.48
15382,102-ML-T30,FPQ-11783,SCMS-182800,ASN-19649,Mali,PMO - US,Direct Drop,EXW,Air,3/15/2013,4/11/2013,11-Jun-13,11-Jun-13,11-Jun-13,HRDT,HIV test,"Orgenics, Ltd","HIV 1/2, Determine Complete HIV Kit, 100 Tests","HIV 1/2, Determine Complete HIV Kit",Determine,,Test kit,100,81,6480.0,80.0,0.8,"Alere Medical Co., Ltd.",Yes,37,2190.78,8.02
84827,151-NG-T30,FPQ-11022,SO-45680,DN-3206,Nigeria,PMO - US,From RDC,N/A - From RDC,Air Charter,11/15/2012,N/A - From RDC,31-May-13,30-May-13,30-May-13,ARV,Adult,SCMS from RDC,"Lopinavir/Ritonavir 200/50mg, tablets, 120 Tabs",Lopinavir/Ritonavir,Generic,200/50mg,Tablet,120,3831,83439.18,21.78,0.18,"Aurobindo Unit III, India",Yes,1094,20761,103.21
48872,101-CD-T30,FPQ-13548,SCMS-224850,ASN-25795,"Congo, DRC",PMO - US,Direct Drop,DDP,Truck,1/22/2014,1/30/2014,7-Apr-14,7-Apr-14,23-Apr-14,HRDT,HIV test,WAGENIA,"HIV 1/2, Determine Kit without Lancets, Buffer or Caplillary Tubes, 100 Tests","HIV 1/2, Determine Kit without Lancets, Buffer or Capillary Tubes, 100 Tests",Determine,,Test kit,100,2500,287975.0,115.19,1.15,"Alere Medical Co., Ltd.",No,Weight Captured Separately,Freight Included in Commodity Cost,296.04
85110,114-UG-T30,FPQ-4496,SO-34981,DN-1816,Uganda,PMO - US,From RDC,N/A - From RDC,Air,10/28/2009,N/A - From RDC,3-May-10,3-May-10,3-May-10,ARV,Adult,SCMS from RDC,"Lamivudine/Nevirapine/Zidovudine 150/200/300mg, tablets, 60 Tabs",Lamivudine/Nevirapine/Zidovudine,Generic,150/300/200mg,Tablet - FDC,60,17000,190740.0,11.22,0.19,Mylan (formerly Matrix) Nashik,Yes,2156,14467.75,411.24
12919,110-ZM-T01,Pre-PQ Process,SO-33021,DN-1448,Zambia,PMO - US,From RDC,N/A - From RDC,Truck,Date Not Captured,N/A - From RDC,13-Oct-09,13-Oct-09,13-Oct-09,ARV,Adult,SCMS from RDC,"Efavirenz 600mg, tablets, 30 Tabs",Efavirenz,Generic,600mg,Tablet,30,22059,137206.98,6.22,0.21,"Emcure Plot No.P-2, I.T-B.T. Park, Phase II, MIDC, Hinjwadi, Pune, India",No,See DN-1448 (ID#:12012),See DN-1448 (ID#:12012),268.93
61364,103-ZW-T30,FPQ-9905,SCMS-148270,ASN-16267,Zimbabwe,PMO - US,Direct Drop,EXW,Ocean,5/29/2012,7/17/2012,24-Oct-12,24-Oct-12,24-Oct-12,ARV,Pediatric,Aurobindo Pharma Limited,"Lopinavir/Ritonavir 100/25mg, tablets, 60 Tabs",Lopinavir/Ritonavir,Generic,100/25mg,Tablet,60,42500,341700.0,8.04,0.13,"Aurobindo Unit III, India",Yes,3868,16210.31,479.06
83368,154-NG-T30,FPQ-3815,SO-32270,DN-1311,Nigeria,PMO - US,From RDC,N/A - From RDC,Air Charter,5/26/2009,N/A - From RDC,30-Jul-09,4-Aug-09,4-Aug-09,ARV,Pediatric,SCMS from RDC,"Efavirenz 200mg, capsule, 90 Caps",Efavirenz,Generic,200mg,Capsule,90,16,203.68,12.73,0.14,"Aurobindo Unit III, India",No,See DN-1311 (ID#:82837),See DN-1311 (ID#:82837),0.4
11105,112-NG-T01,Pre-PQ Process,SO-329,DN-132,Nigeria,PMO - US,From RDC,N/A - From RDC,,Pre-PQ Process,N/A - From RDC,23-May-07,23-May-07,23-May-07,ARV,Adult,SCMS from RDC,"Lamivudine/Zidovudine+Nevirapine 150/300+200mg, tablets, co-blister, 60+60 Tabs",Lamivudine/Zidovudine+Nevirapine,Generic,150/300+200mg,Tablet - FDC + co-blister,120,5709,117034.5,20.5,0.17,"Aspen-OSD, Port Elizabeth, SA",Yes,1238,6433.28,
11766,104-CI-T01,Pre-PQ Process,SO-959,DN-320,Côte d'Ivoire,PMO - US,From RDC,N/A - From RDC,,Pre-PQ Process,N/A - From RDC,30-Aug-07,30-Aug-07,30-Aug-07,ARV,Pediatric,SCMS from RDC,"Lamivudine 10mg/ml, oral solution, Bottle, 240 ml",Lamivudine,Generic,10mg/ml,Oral solution,240,2523,4970.31,1.97,0.01,"Cipla, Goa, India",No,See DN-320 (ID#:10593),See DN-320 (ID#:10593),7.95
11693,100-LB-T01,Pre-PQ Process,SO-33900,DN-1487,Lebanon,PMO - US,From RDC,N/A - From RDC,Air,Date Not Captured,N/A - From RDC,18-Nov-09,18-Nov-09,18-Nov-09,ARV,Pediatric,SCMS from RDC,"Didanosine 100mg, chewable/dispersible tablets, 60 Tabs",Didanosine,Generic,100mg,Chewable/dispersible tablet,60,120,1.2,0.01,0.0,"Aurobindo Unit III, India",No,See DN-1487 (ID#:11073),See DN-1487 (ID#:11073),0.0
82490,114-UG-T30,FPQ-9355,SO-41593,DN-2744,Uganda,PMO - US,From RDC,N/A - From RDC,Truck,2/20/2012,N/A - From RDC,5-Sep-12,26-Jul-12,26-Jul-12,ARV,Adult,SCMS from RDC,"Lamivudine/Nevirapine/Zidovudine 150/200/300mg, tablets, 60 Tabs",Lamivudine/Nevirapine/Zidovudine,Generic,150/300/200mg,Tablet - FDC,60,157,1540.17,9.81,0.16,"Strides, Bangalore, India.",Yes,836,4911,2.16
11856,100-ZW-T01,Pre-PQ Process,SO-711,DN-604,Zimbabwe,PMO - US,From RDC,N/A - From RDC,Air,Pre-PQ Process,N/A - From RDC,5-Mar-08,5-Mar-08,5-Mar-08,ARV,Adult,SCMS from RDC,"Lamivudine/Nevirapine/Stavudine 150/200/30mg, tablets, 60 Tabs",Lamivudine/Nevirapine/Stavudine,Generic,150/200/30mg,Tablet - FDC,60,37240,275576.0,7.4,0.12,"Cipla, Goa, India",No,See DN-604 (ID#:11527),See DN-604 (ID#:11527),440.92
85277,151-NG-T30,FPQ-8952,SO-42641,DN-2732,Nigeria,PMO - US,From RDC,N/A - From RDC,Air Charter,12/8/2011,N/A - From RDC,9-Jul-12,9-Jul-12,9-Jul-12,ARV,Adult,SCMS from RDC,"Lamivudine 150mg, tablets, 60 Tabs",Lamivudine,Generic,150mg,Tablet,60,732,1705.56,2.33,0.04,"Strides, Bangalore, India.",Yes,57,21347.13,2.39
36541,116-ZA-T30,FPQ-13035,SCMS-215370,ASN-24415,South Africa,PMO - US,Direct Drop,DDP,Truck,10/8/2013,12/2/2013,6-Feb-14,6-Feb-14,6-Feb-14,ARV,Pediatric,S. BUYS WHOLESALER,"Efavirenz 200mg, capsule, 90 Caps",Efavirenz,Generic,200mg,Capsule,90,85,1985.58,23.36,0.26,"Aurobindo Unit III, India",No,Weight Captured Separately,Freight Included in Commodity Cost,2.46
86305,113-ZW-T30,FPQ-4472,SO-35910,DN-1831,Zimbabwe,PMO - US,From RDC,N/A - From RDC,Air,3/17/2009,N/A - From RDC,28-May-10,31-May-10,31-May-10,ARV,Adult,SCMS from RDC,"Lamivudine/Nevirapine/Stavudine 150/200/30mg, tablets, 60 Tabs",Lamivudine/Nevirapine/Stavudine,Generic,150/200/30mg,Tablet - FDC,60,28610,167368.5,5.85,0.1,"Strides, Bangalore, India.",No,See DN-1831 (ID#:84564),See DN-1831 (ID#:84564),328.04
84780,113-ZW-T30,FPQ-10632,SO-43220,DN-2989,Zimbabwe,PMO - US,From RDC,N/A - From RDC,Truck,9/11/2012,N/A - From RDC,11-Feb-13,11-Feb-13,11-Feb-13,ARV,Adult,SCMS from RDC,"Efavirenz 600mg, tablets, 30 Tabs",Efavirenz,Generic,600mg,Tablet,30,636,2264.16,3.56,0.12,"Strides, Bangalore, India.",No,See DN-2989 (ID#:84216),See DN-2989 (ID#:84216),3.17
12325,117-ET-T01,Pre-PQ Process,SO-33640,DN-1472,Ethiopia,PMO - US,From RDC,N/A - From RDC,Air,Date Not Captured,N/A - From RDC,29-Sep-09,29-Sep-09,29-Sep-09,ARV,Adult,SCMS from RDC,"Lamivudine 150mg, tablets, 60 Tabs",Lamivudine,Generic,150mg,Tablet,60,4234,10330.96,2.44,0.04,"Aurobindo Unit III, India",Yes,212,1489.4,20.25
26208,116-ZA-T30,FPQ-11828,SCMS-183950,ASN-19166,South Africa,South Africa Field Office,Direct Drop,DDP,Truck,3/18/2013,Date Not Captured,16-Apr-13,16-Apr-13,16-Apr-13,ARV,Adult,S. BUYS WHOLESALER,"Efavirenz 600mg, tablets, 30 Tabs",Efavirenz,Generic,600mg,Tablet,30,22333,359064.74,16.08,0.54,"Cipla, Goa, India",No,Weight Captured Separately,Freight Included in Commodity Cost,444.16
1066,116-ZA-T01,Pre-PQ Process,SCMS-41040,ASN-3623,South Africa,PMO - US,Direct Drop,DDP,Air,Pre-PQ Process,Date Not Captured,7-Apr-09,3-Dec-08,3-Dec-08,ARV,Pediatric,S. BUYS WHOLESALER,"Zidovudine 10mg/ml, oral solution, Bottle, 240 ml",Zidovudine,Generic,10mg/ml,Oral solution,240,1008,3588.48,3.56,0.01,"Aurobindo Unit III, India",No,Weight Captured Separately,Freight Included in Commodity Cost,7.03
26927,116-ZA-T30,FPQ-13035,SCMS-215370,ASN-24415,South Africa,PMO - US,Direct Drop,DDP,Truck,10/8/2013,12/2/2013,6-Feb-14,6-Feb-14,6-Feb-14,ARV,Adult,S. BUYS WHOLESALER,"Zidovudine 300mg, tablets, 60 Tabs",Zidovudine,Generic,300mg,Tablet,60,62,1448.18,23.36,0.39,"Aurobindo Unit III, India",No,Weight Captured Separately,Freight Included in Commodity Cost,1.79
82992,113-ZW-T30,FPQ-7052,SO-38510,DN-2440,Zimbabwe,PMO - US,From RDC,N/A - From RDC,Truck,1/19/2011,N/A - From RDC,30-Dec-11,9-Dec-11,9-Dec-11,ARV,Adult,SCMS from RDC,"Lamivudine/Nevirapine/Stavudine 150/200/30mg, tablets, 60 Tabs",Lamivudine/Nevirapine/Stavudine,Generic,150/200/30mg,Tablet - FDC,60,9493,52781.08,5.56,0.09,"Cipla, Goa, India",Yes,1021,5216.63,87.09
85557,113-ZW-T30,FPQ-14458,SO-49170,DN-4112,Zimbabwe,PMO - US,From RDC,N/A - From RDC,Truck,6/13/2014,N/A - From RDC,6-Mar-15,6-Feb-15,6-Feb-15,ARV,Adult,SCMS from RDC,"Efavirenz/Lamivudine/Tenofovir Disoproxil Fumarate 600/300/300mg, tablets, 30 Tabs",Efavirenz/Lamivudine/Tenofovir Disoproxil Fumarate,Generic,600/300/300mg,Tablet - FDC,30,150468,1468567.68,9.76,0.33,Mylan (formerly Matrix) Nashik,No,See DN-4112 (ID#:84448),See DN-4112 (ID#:84448),1509.69
70981,102-KE-T30,FPQ-4250,SCMS-55902,ASN-5661,Kenya,PMO - US,Direct Drop,EXW,Air,9/16/2009,10/23/2009,18-Jan-10,18-Jan-10,18-Jan-10,HRDT,HIV test,"Orgenics, Ltd","HIV 1/2, Determine Complete HIV Kit, 100 Tests","HIV 1/2, Determine Complete HIV Kit",Determine,,Test kit,100,3250,260000.0,80.0,0.8,Inverness Japan,Yes,979,9507.81,509.6
51452,102-BW-T30,FPQ-5353,SCMS-77130,ASN-7693,Botswana,PMO - US,Direct Drop,EXW,Air,3/30/2010,6/23/2010,25-Aug-10,25-Aug-10,25-Aug-10,HRDT,HIV test,"Trinity Biotech, Plc","HIV 1/2, Uni-Gold HIV Kit, 20 Tests","HIV 1/2, Uni-Gold HIV Kit",Uni-Gold,,Test kit,20,50,1600.0,32.0,1.6,"Trinity Biotech, Plc",Yes,26,659.27,3.45
27234,107-RW-T30,FPQ-14813,SCMS-261770,ASN-29892,Rwanda,PMO - US,Direct Drop,EXW,Air,10/9/2014,12/15/2014,15-Jan-15,15-Jan-15,24-Feb-15,ARV,Pediatric,Aurobindo Pharma Limited,"Lopinavir/Ritonavir 100/25mg, tablets, 60 Tabs",Lopinavir/Ritonavir,Generic,100/25mg,Tablet,60,607,4880.28,8.04,0.13,"Aurobindo Unit III, India",Yes,66,1026.4,5.02
11006,106-HT-T01,Pre-PQ Process,SO-23750,DN-1100,Haiti,PMO - US,From RDC,N/A - From RDC,Air,Pre-PQ Process,N/A - From RDC,3-Mar-09,3-Mar-09,3-Mar-09,ARV,Adult,SCMS from RDC,"Indinavir 400mg [Crixivan], capsules, 180 Caps",Indinavir,Crixivan,400mg,Capsule,180,56,2800.0,50.0,0.28,"MSD, Haarlem, NL",No,See DN-1100 (ID#:11005),See DN-1100 (ID#:11005),5.49
84108,111-MZ-T30,FPQ-7053,SO-38636,DN-2340,Mozambique,PMO - US,From RDC,N/A - From RDC,Truck,1/24/2011,N/A - From RDC,30-Nov-11,30-Nov-11,30-Nov-11,ARV,Pediatric,SCMS from RDC,"Zidovudine 10mg/ml, oral solution w/syringe, Bottle, 240 ml",Zidovudine,Generic,10mg/ml,Oral solution,240,9400,18988.0,2.02,0.01,"Aurobindo Unit III, India",Yes,3642,5678.14,31.33
21301,109-TZ-T30,FPQ-5437,SCMS-71420,ASN-7131,Tanzania,PMO - US,Direct Drop,EXW,Air,4/15/2010,4/23/2010,2-Aug-10,2-Aug-10,2-Aug-10,ARV,Pediatric,EMCURE PHARMACEUTICALS LTD,"Atazanavir 150mg, capsules, 60 Caps",Atazanavir,Generic,150mg,Capsule,60,1065,27785.85,26.09,0.43,"Emcure Plot No.P-2, I.T-B.T. Park, Phase II, MIDC, Hinjwadi, Pune, India",Yes,112,1122.07,59.91
9656,116-ZA-T01,Pre-PQ Process,SCMS-19800,ASN-1665,South Africa,PMO - US,Direct Drop,DDP,Truck,Pre-PQ Process,2/20/2008,24-Apr-08,24-Apr-08,24-Apr-08,ARV,Adult,S. BUYS WHOLESALER,"Ritonavir 100mg [Norvir], capsules, cool, 84 Caps",Ritonavir,Norvir,100mg,Capsule,84,10,91.9,9.19,0.11,ABBVIE (Abbott) Logis. UK,No,Weight Captured Separately,Freight Included in Commodity Cost,0.15
20667,114-UG-T30,FPQ-12777,SCMS-202560,ASN-22986,Uganda,PMO - US,Direct Drop,EXW,Air,8/5/2013,8/9/2013,10-Dec-13,12-Dec-13,13-Dec-13,ARV,Pediatric,Aurobindo Pharma Limited,"Nevirapine 10mg/ml, oral suspension w/syringe, Bottle, 100 ml",Nevirapine,Generic,10mg/ml,Oral suspension,100,1503,1953.9,1.3,0.01,"Aurobindo Unit III, India",Yes,Weight Captured Separately,Invoiced Separately,2.42
82924,151-NG-T30,FPQ-5688,SO-36922,DN-2043,Nigeria,PMO - US,From RDC,N/A - From RDC,Air Charter,5/27/2010,N/A - From RDC,18-Nov-10,10-Nov-10,10-Nov-10,ARV,Adult,SCMS from RDC,"Efavirenz/Emtricitabine/Tenofovir Disoproxil Fumarate 600/200/300mg, tablets, 30 Tabs",Efavirenz/Emtricitabine/Tenofovir Disoproxil Fumarate,Generic,600/200/300mg,Tablet - FDC,30,1000,19920.0,19.92,0.66,Mylan (formerly Matrix) Nashik,Yes,101,20264.93,42.95
60812,106-HT-T30,FPQ-3948,SCMS-51120,ASN-5487,Haiti,PMO - US,Direct Drop,CIP,Air,7/29/2009,8/19/2009,30-Nov-09,30-Nov-09,30-Nov-09,ARV,Pediatric,MERCK SHARP & DOHME IDEA GMBH (FORMALLY MERCK SHARP & DOHME B.V.),"Efavirenz 30mg/ml [Stocrin/Sustiva], oral solution, Bottle, 180 ml",Efavirenz,Stocrin/Sustiva,30mg/ml,Oral solution,180,192,3256.32,16.96,0.09,"MSD, Haarlem, NL",Yes,54,290,6.38
85800,106-HT-T30,FPQ-6801,SO-38210,DN-2408,Haiti,PMO - US,From RDC,N/A - From RDC,Air,12/14/2010,N/A - From RDC,31-Oct-11,8-Nov-11,8-Nov-11,ARV,Pediatric,SCMS from RDC,"Nevirapine 10mg/ml, oral suspension w/syringe, Bottle, 240 ml",Nevirapine,Generic,10mg/ml,Oral suspension,240,2848,5553.6,1.95,0.01,"Aurobindo Unit III, India",Yes,1066,10794.84,9.16
84715,114-UG-T30,FPQ-8522,SO-40932,DN-2602,Uganda,PMO - US,From RDC,N/A - From RDC,Truck,10/5/2011,N/A - From RDC,16-Apr-12,27-Mar-12,27-Mar-12,ARV,Adult,SCMS from RDC,"Efavirenz 600mg, tablets, 30 Tabs",Efavirenz,Generic,600mg,Tablet,30,24657,101586.84,4.12,0.14,"Strides, Bangalore, India.",Yes,1511,7403.01,167.62
7953,104-CI-T01,Pre-PQ Process,SCMS-107,ASN-69,Côte d'Ivoire,PMO - US,Direct Drop,FCA,Air,Pre-PQ Process,Date Not Captured,14-Nov-06,14-Nov-06,14-Nov-06,HRDT,HIV test,Abbott GmbH & Co. KG,"HIV 1/2, Determine Complete HIV Kit, 100 Tests","HIV 1/2, Determine Complete HIV Kit",Determine,,Test kit,100,850,68000.0,80.0,0.8,ABBVIE GmbH & Co.KG Wiesbaden,Yes,291096,156.97,
12641,110-ZM-T01,Pre-PQ Process,SO-374,DN-56,Zambia,PMO - US,From RDC,N/A - From RDC,,Pre-PQ Process,N/A - From RDC,26-Mar-07,26-Mar-07,26-Mar-07,ARV,Adult,SCMS from RDC,"Lamivudine 150mg, tablets, 60 Tabs",Lamivudine,Generic,150mg,Tablet,60,3334,11035.54,3.31,0.06,"Ranbaxy, Paonta Shahib, India",Yes,179,1170.16,
10817,111-MZ-T01,Pre-PQ Process,SO-383,DN-124,Mozambique,PMO - US,From RDC,N/A - From RDC,Air,Pre-PQ Process,N/A - From RDC,18-May-07,18-May-07,18-May-07,ARV,Adult,SCMS from RDC,"Lopinavir/Ritonavir 200/50mg [Aluvia], tablets, 120 Tabs",Lopinavir/Ritonavir,Aluvia,200/50mg,Tablet,120,250,10275.0,41.1,0.34,ABBVIE Ludwigshafen Germany,Yes,105,348.09,
85242,109-TZ-T30,FPQ-8303,SO-40481,DN-2570,Tanzania,PMO - US,From RDC,N/A - From RDC,Truck,8/22/2011,N/A - From RDC,11-Apr-12,11-Apr-12,11-Apr-12,ARV,Pediatric,SCMS from RDC,"Lamivudine/Nevirapine/Zidovudine 30/50/60mg, dispersible tablets, 60 Tabs",Lamivudine/Nevirapine/Zidovudine,Generic,30/50/60mg,Chewable/dispersible tablet - FDC,60,11262,47863.5,4.25,0.07,Mylan (formerly Matrix) Nashik,Yes,641,3279.25,78.97
85855,151-NG-T30,FPQ-8952,SO-41253,DN-2647,Nigeria,PMO - US,From RDC,N/A - From RDC,Air Charter,12/8/2011,N/A - From RDC,4-Jul-12,30-Apr-12,30-Apr-12,ARV,Adult,SCMS from RDC,"Nevirapine 200mg, tablets, 60 Tabs",Nevirapine,Generic,200mg,Tablet,60,87499,213497.56,2.44,0.04,"Aurobindo Unit III, India",Yes,9645,27441.22,299.32
84467,104-CI-T30,FPQ-15259,SO-50100,DN-4255,Côte d'Ivoire,PMO - US,From RDC,N/A - From RDC,Truck,10/24/2014,N/A - From RDC,19-Jun-15,8-Jun-15,19-Jun-15,ARV,Adult,SCMS from RDC,"Lamivudine/Nevirapine/Zidovudine 150/200/300mg, tablets, 60 Tabs",Lamivudine/Nevirapine/Zidovudine,Generic,150/300/200mg,Tablet - FDC,60,1963,15154.36,7.72,0.13,Hetero Unit III Hyderabad IN,No,See DN-4255 (ID#:83911),See DN-4255 (ID#:83911),17.84
84102,106-HT-T30,FPQ-6801,SO-38211,DN-2283,Haiti,PMO - US,From RDC,N/A - From RDC,Air,12/14/2010,N/A - From RDC,19-Jul-11,21-Jul-11,21-Jul-11,ARV,Pediatric,SCMS from RDC,"Didanosine 200mg, chewable/dispersible tablets, 60 Tabs",Didanosine,Generic,200mg,Chewable/dispersible tablet,60,180,2700.0,15.0,0.25,"Aurobindo Unit III, India",Yes,38,1128.54,4.46
13842,101-CD-T30,FPQ-14255,SCMS-239810,ASN-27324,"Congo, DRC",PMO - US,Direct Drop,EXW,Air,5/15/2014,5/19/2014,30-Sep-14,30-Sep-14,21-Oct-14,ARV,Pediatric,Aurobindo Pharma Limited,"Nevirapine 50mg, dispersible tablets (tablets for oral suspension), 30 Tabs",Nevirapine,Generic,50mg,Chewable/dispersible tablet,30,940,1175.0,1.25,0.04,"Aurobindo Unit III, India",Yes,132,2516.57,1.21
38095,116-ZA-T30,FPQ-13973,SCMS-238551,ASN-26882,South Africa,PMO - US,Direct Drop,DDP,Truck,4/30/2014,6/25/2014,25-Jun-14,25-Jun-14,25-Jun-14,ARV,Adult,PHARMACY DIRECT,"Didanosine 250mg, delayed-release capsules, 30 Caps",Didanosine,Generic,250mg,Delayed-release capsules,30,5,76.23,15.25,0.51,"Aurobindo Unit III, India",No,Weight Captured Separately,Freight Included in Commodity Cost,0.08
83678,103-SS-T30,FPQ-11489,SO-44630,DN-3125,South Sudan,PMO - US,From RDC,N/A - From RDC,Air,1/16/2013,N/A - From RDC,30-Apr-13,24-Apr-13,24-Apr-13,ARV,Adult,SCMS from RDC,"Lamivudine/Nevirapine/Zidovudine 150/200/300mg, tablets, 60 Tabs",Lamivudine/Nevirapine/Zidovudine,Generic,150/300/200mg,Tablet - FDC,60,3746,32140.68,8.58,0.14,Hetero Unit III Hyderabad IN,No,See DN-3125 (ID#:82571),See DN-3125 (ID#:82571),39.76
63273,109-TZ-T30,FPQ-10619,SCMS-161830,ASN-17465,Tanzania,PMO - US,Direct Drop,EXW,Air,9/13/2012,10/4/2012,31-Dec-12,31-Dec-12,31-Dec-12,HRDT,HIV test,"Orgenics, Ltd","HIV 1/2, Determine Complete HIV Kit, 100 Tests","HIV 1/2, Determine Complete HIV Kit",Determine,,Test kit,100,2744,219520.0,80.0,0.8,"Alere Medical Co., Ltd.",Yes,1186,22067.21,307.77
64003,104-CI-T30,FPQ-3885,SCMS-48610,ASN-4585,Côte d'Ivoire,PMO - US,Direct Drop,EXW,Air,6/19/2009,7/7/2009,17-Aug-09,17-Aug-09,17-Aug-09,HRDT,HIV test,"Standard Diagnostics, Inc.","HIV 1/2, Bioline 3.0 Kit, (no accessories), 30 Tests","HIV 1/2, Bioline 3.0 Kit (no accessories)",Bioline,,Test kit,30,1800,43200.0,24.0,0.8,"Standard Diagnostics, Korea",Yes,560,5180.34,84.67
717,104-CI-T01,Pre-PQ Process,SCMS-29140,ASN-2472,Côte d'Ivoire,PMO - US,Direct Drop,EXW,Air,Pre-PQ Process,8/27/2008,2-Oct-08,2-Oct-08,2-Oct-08,HRDT,HIV test,BIO-RAD LABORATORIES (FRANCE),"#108853** HIV, Genie II HIV-1/HIV-2 Kit, 40 Tests","HIV, Genie II HIV-1/HIV-2 Kit",Genie,,Test kit,40,500,38000.0,76.0,1.9,Bio-Rad Laboratories,Yes,562,11298.13,60.8
18240,108-VN-T30,FPQ-10287,SCMS-156320,ASN-17177,Vietnam,PMO - US,Direct Drop,EXW,Air,7/25/2012,8/15/2012,5-Dec-12,5-Dec-12,5-Dec-12,ARV,Adult,HETERO LABS LIMITED,"Lamivudine/Zidovudine 150/300mg, tablets, 60 Tabs",Lamivudine/Zidovudine,Generic,150/300mg,Tablet - FDC,60,14842,105081.36,7.08,0.12,Hetero Unit III Hyderabad IN,Yes,1364,2348.57,147.32
4804,109-TZ-T01,Pre-PQ Process,SCMS-33690,ASN-3229,Tanzania,PMO - US,Direct Drop,EXW,Air,Pre-PQ Process,11/14/2008,2-Mar-09,2-Mar-09,2-Mar-09,HRDT,HIV test,"Trinity Biotech, Plc","HIV 1/2, Uni-Gold HIV Kit, 20 Tests","HIV 1/2, Uni-Gold HIV Kit",Uni-Gold,,Test kit,20,1678,53696.0,32.0,1.6,"Trinity Biotech, Plc",Yes,554,4810.99,105.24
83021,102-BI-T30,FPQ-9229,SO-41530,DN-2594,Burundi,PMO - US,From RDC,N/A - From RDC,Air,1/25/2012,N/A - From RDC,26-Apr-12,4-May-12,4-May-12,ARV,Pediatric,SCMS from RDC,"Lamivudine/Zidovudine 30/60mg, tablets, 60 Tabs",Lamivudine/Zidovudine,Generic,30/60mg,Tablet - FDC,60,15,44.85,2.99,0.05,Mylan (formerly Matrix) Nashik,Yes,5256,9506,0.06
10472,100-BW-T01,Pre-PQ Process,SCMS-46460,ASN-4185,Botswana,PMO - US,Direct Drop,EXW,Air,Pre-PQ Process,5/26/2009,10-Jul-09,10-Jul-09,10-Jul-09,HRDT,HIV test,"Trinity Biotech, Plc","HIV 1/2, Uni-Gold HIV Kit, 20 Tests","HIV 1/2, Uni-Gold HIV Kit",Uni-Gold,,Test kit,20,138,4416.0,32.0,1.6,"Trinity Biotech, Plc",Yes,56,1060.43,8.66
51969,116-ZA-T30,FPQ-12522,SCMS-199283,ASN-27976,South Africa,PMO - US,Direct Drop,DDP,Truck,7/11/2013,8/27/2014,27-Aug-14,27-Aug-14,27-Aug-14,ARV,Adult,S. BUYS WHOLESALER,"Nevirapine 200mg, tablets, 60 Tabs",Nevirapine,Generic,200mg,Tablet,60,67,1321.12,19.72,0.33,"Aurobindo Unit III, India",No,Weight Captured Separately,Freight Included in Commodity Cost,1.63
6746,102-NG-T01,Pre-PQ Process,SCMS-11760,ASN-858,Nigeria,PMO - US,Direct Drop,EXW,Air,Pre-PQ Process,8/27/2007,7-Nov-07,7-Nov-07,7-Nov-07,HRDT,HIV test,"CHEMBIO DIAGNOSTIC SYSTEMS, INC.","HIV 1/2, Stat-Pak HIV, Kit, 20 Tests","HIV 1/2, Stat-Pak HIV, Kit",Stat-Pak,,Test kit,20,10000,270000.0,27.0,1.35,Chembio Diagnostics Sys. Inc.,Yes,3265,6197,432.0
53981,116-ZA-T30,FPQ-11828,SCMS-183950,ASN-19166,South Africa,South Africa Field Office,Direct Drop,DDP,Truck,3/18/2013,Date Not Captured,16-Apr-13,16-Apr-13,16-Apr-13,ARV,Pediatric,S. BUYS WHOLESALER,"Abacavir 20mg/ml [Ziagen], oral solution, Bottle, 240 ml",Abacavir,Ziagen,20mg/ml,Oral solution,240,220,7811.75,35.51,0.15,GSK Mississauga (Canada),No,Weight Captured Separately,Freight Included in Commodity Cost,9.66
10755,111-MZ-T01,Pre-PQ Process,SO-15090,DN-933,Mozambique,PMO - US,From RDC,N/A - From RDC,Air,Pre-PQ Process,N/A - From RDC,14-Nov-08,14-Nov-08,14-Nov-08,ARV,Adult,SCMS from RDC,"Lamivudine/Zidovudine 150/300mg, tablets, 60 Tabs",Lamivudine/Zidovudine,Generic,150/300mg,Tablet - FDC,60,3672,34333.2,9.35,0.16,"Aurobindo Unit III, India",Yes,3427,3874.22,54.93
82860,113-ZW-T30,FPQ-4694,SO-35390,DN-1659,Zimbabwe,PMO - US,From RDC,N/A - From RDC,Truck,12/8/2009,N/A - From RDC,31-Mar-10,12-Mar-10,12-Mar-10,ARV,Adult,SCMS from RDC,"Lamivudine/Zidovudine 150/300mg, tablets, 60 Tabs",Lamivudine/Zidovudine,Generic,150/300mg,Tablet - FDC,60,560,4905.6,8.76,0.15,"Aurobindo Unit III, India",No,See DN-1659 (ID#:82859),See DN-1659 (ID#:82859),10.58
84675,901-SZ-T30,FPQ-8360,SO-40591,DN-2371,Swaziland,PMO - US,From RDC,N/A - From RDC,Air,9/2/2011,N/A - From RDC,30-Sep-11,29-Sep-11,29-Sep-11,ARV,Adult,SCMS from RDC,"Lamivudine/Nevirapine/Zidovudine 150/200/300mg, tablets, 60 Tabs",Lamivudine/Nevirapine/Zidovudine,Generic,150/300/200mg,Tablet - FDC,60,19100,214302.0,11.22,0.19,"Aurobindo Unit VII, IN",Yes,2237,3148.12,353.6
9488,107-RW-T01,Pre-PQ Process,SCMS-14150,ASN-1085,Rwanda,PMO - US,Direct Drop,EXW,Air,Pre-PQ Process,11/19/2007,18-Jan-08,18-Jan-08,18-Jan-08,HRDT,HIV test,"Trinity Biotech, Plc","HIV 1/2, Capillus HIV Kit, 100 Tests","HIV 1/2, Capillus HIV Kit",Capillus,,Test kit,100,300,41700.0,139.0,1.39,"Trinity Biotech, Plc",No,See ASN-1085 (ID#:9487),See ASN-1085 (ID#:9487),66.72
5081,116-ZA-T01,Pre-PQ Process,SCMS-42430,ASN-4226,South Africa,PMO - US,Direct Drop,DDP,Truck,Pre-PQ Process,Date Not Captured,15-May-09,15-May-09,15-May-09,ARV,Pediatric,S. BUYS WHOLESALER,"Efavirenz 200mg [Stocrin/Sustiva], capsule, 90 Caps",Efavirenz,Stocrin/Sustiva,200mg,Capsule,90,100,3220.0,32.2,0.36,"MSD Midrand, J'burg, SA",Yes,Weight Captured Separately,Freight Included in Commodity Cost,6.31
32837,161-ZA-T30,FPQ-5303,SCMS-68981,ASN-8465,South Africa,PMO - US,Direct Drop,DDP,Air,3/18/2010,3/19/2010,8-Dec-10,8-Dec-10,8-Dec-10,ARV,Adult,Aurobindo Pharma Limited,"Nevirapine 200mg, tablets, 60 Tabs",Nevirapine,Generic,200mg,Tablet,60,24000,70080.0,2.92,0.05,"Aurobindo Unit III, India",Yes,2830,5159.34,151.09
46,112-NG-T01,Pre-PQ Process,SCMS-156,ASN-93,Nigeria,PMO - US,Direct Drop,EXW,Air,Pre-PQ Process,Date Not Captured,7-Dec-06,7-Dec-06,7-Dec-06,ARV,Adult,Aurobindo Pharma Limited,"Stavudine 30mg, capsules, 60 Caps",Stavudine,Generic,30mg,Capsule,60,273,532.35,1.95,0.03,"Aurobindo Unit III, India",No,See ASN-93 (ID#:1281),See ASN-93 (ID#:1281),
85806,113-ZW-T30,FPQ-7052,SO-38521,DN-2441,Zimbabwe,PMO - US,From RDC,N/A - From RDC,Truck,1/19/2011,N/A - From RDC,7-Dec-11,9-Dec-11,9-Dec-11,ARV,Adult,SCMS from RDC,"Efavirenz 600mg, tablets, 30 Tabs",Efavirenz,Generic,600mg,Tablet,30,6392,26335.04,4.12,0.14,Mylan (formerly Matrix) Nashik,No,See DN-2441 (ID#:82993),See DN-2441 (ID#:82993),43.45
83503,151-NG-T30,FPQ-7217,SO-39570,DN-2211,Nigeria,PMO - US,From RDC,N/A - From RDC,Air Charter,2/21/2011,N/A - From RDC,15-Jun-11,5-Jul-11,5-Jul-11,ARV,Adult,SCMS from RDC,"Lamivudine/Tenofovir Disoproxil Fumarate 300/300mg, tablets, 30 Tabs",Lamivudine/Tenofovir Disoproxil Fumarate,Generic,300/300mg,Tablet - FDC,30,70651,623141.82,8.82,0.29,Mylan (formerly Matrix) Nashik,Yes,6749,13398.06,1028.18
30220,106-HT-T30,FPQ-14895,SCMS-261710,ASN-30231,Haiti,PMO - US,Direct Drop,EXW,Air,9/24/2014,11/14/2014,6-Feb-15,6-Feb-15,6-Feb-15,ARV,Adult,HETERO LABS LIMITED,"Lamivudine 150mg, tablets, 60 Tabs",Lamivudine,Generic,150mg,Tablet,60,1440,2592.0,1.8,0.03,Hetero Unit III Hyderabad IN,Yes,99,1497.53,2.66
3479,117-ET-T01,Pre-PQ Process,SCMS-32630,ASN-3156,Ethiopia,PMO - US,Direct Drop,EXW,Air,Pre-PQ Process,10/27/2008,26-Jan-09,20-Jan-09,20-Jan-09,HRDT,HIV test,"SHANGHAI KEHUA BIOENGINEERING CO.,LTD.  (KHB)","HIV 1/2, SKB Colloidal Gold, Diagnostic Kit, Antibody, 50 Tests","HIV 1/2, Colloidal Gold, Diagnostic Kit, Antibody",Colloidal Gold,,Test kit,1,3510,80730.0,23.0,23.0,"KHB Test Kit Facility, Shanghai China",Yes,2535,20083.74,158.23
78103,103-ZW-T30,FPQ-13969,SCMS-239231,ASN-27940,Zimbabwe,PMO - US,Direct Drop,EXW,Ocean,4/8/2014,6/20/2014,3-Nov-14,3-Nov-14,3-Nov-14,ARV,Pediatric,MYLAN LABORATORIES LTD (FORMERLY MATRIX LABORATORIES),"Lamivudine/Nevirapine/Zidovudine 30/50/60mg, dispersible tablets, 60 Tabs",Lamivudine/Nevirapine/Zidovudine,Generic,30/50/60mg,Chewable/dispersible tablet - FDC,60,204713,736966.8,3.6,0.06,Mylan (formerly Matrix) Nashik,Yes,11430,22059.25,757.6
85143,102-UG-T30,FPQ-6202,SO-37260,DN-1998,Uganda,PMO - US,From RDC,N/A - From RDC,Air,8/6/2010,N/A - From RDC,30-Sep-10,23-Aug-10,23-Aug-10,ARV,Adult,SCMS from RDC,"Efavirenz 600mg, tablets, 30 Tabs",Efavirenz,Generic,600mg,Tablet,30,667,2968.15,4.45,0.15,Mylan (formerly Matrix) Nashik,No,See DN-1998 (ID#:84589),See DN-1998 (ID#:84589),6.4
85709,113-ZW-T30,FPQ-4694,SO-35380,DN-2019,Zimbabwe,PMO - US,From RDC,N/A - From RDC,Truck,12/8/2009,N/A - From RDC,30-Sep-10,4-Oct-10,4-Oct-10,ARV,Adult,SCMS from RDC,"Efavirenz 600mg, tablets, 30 Tabs",Efavirenz,Generic,600mg,Tablet,30,5900,25606.0,4.34,0.14,"Aurobindo Unit III, India",No,See DN-2019 (ID#:82919),See DN-2019 (ID#:82919),55.21
85151,110-ZM-T30,FPQ-5702,SO-36841,DN-2018,Zambia,PMO - US,From RDC,N/A - From RDC,Truck,5/20/2010,N/A - From RDC,4-Nov-10,12-Oct-10,12-Oct-10,ARV,Adult,SCMS from RDC,"Lamivudine/Nevirapine/Stavudine 150/200/30mg, tablets, 60 Tabs",Lamivudine/Nevirapine/Stavudine,Generic,150/200/30mg,Tablet - FDC,60,59746,342344.58,5.73,0.1,"Strides, Bangalore, India.",No,See DN-2018 (ID#:82352),See DN-2018 (ID#:82352),738.09
29833,106-HT-T30,FPQ-13797,SCMS-233970,ASN-27793,Haiti,PMO - US,Direct Drop,EXW,Air,3/20/2014,4/30/2014,14-Oct-14,14-Oct-14,20-Oct-14,ARV,Pediatric,CIPLA LIMITED,"Lamivudine/Nevirapine/Zidovudine 30/50/60mg, dispersible tablets, 60 Tabs",Lamivudine/Nevirapine/Zidovudine,Generic,30/50/60mg,Chewable/dispersible tablet - FDC,60,1926,6933.6,3.6,0.06,"Cipla, Goa, India",Yes,192,2971.3,7.13
25749,106-HT-T30,FPQ-6834,SCMS-96430,ASN-9759,Haiti,Haiti Field Office,Direct Drop,EXW,Air,12/14/2010,1/12/2011,11-Mar-11,11-Mar-11,11-Mar-11,HRDT,HIV test,Orasure Technologies Inc.,"HIV 1/2, OraQuick Advance HIV Rapid Antibody Kit, 100 Tests","HIV 1/2, OraQuick Advance HIV Rapid Antibody Kit",OraQuick,,Test kit,100,127,44450.0,350.0,3.5,"Orasure Technologies, Inc",Yes,22,4625.81,73.34
82438,101-CD-T30,FPQ-8840,SO-41138,DN-2500,"Congo, DRC",PMO - US,From RDC,N/A - From RDC,Air,11/21/2011,N/A - From RDC,10-Feb-12,14-Feb-12,14-Feb-12,ARV,Adult,SCMS from RDC,"Nevirapine 200mg, tablets, 60 Tabs",Nevirapine,Generic,200mg,Tablet,60,341,879.78,2.58,0.04,"Strides, Bangalore, India.",No,See DN-2500 (ID#:82436),See DN-2500 (ID#:82436),1.23
86396,114-UG-T30,FPQ-7162,SO-38801,DN-2297,Uganda,PMO - US,From RDC,N/A - From RDC,Truck,2/14/2011,N/A - From RDC,5-Aug-11,5-Aug-11,5-Aug-11,ARV,Adult,SCMS from RDC,"Nevirapine 200mg, tablets, 60 Tabs",Nevirapine,Generic,200mg,Tablet,60,11549,28987.99,2.51,0.04,"Strides, Bangalore, India.",No,See DN-2297 (ID#:82392),See DN-2297 (ID#:82392),47.83
85284,151-NG-T30,FPQ-9432,SO-42644,DN-2764,Nigeria,PMO - US,From RDC,N/A - From RDC,Air Charter,3/1/2012,N/A - From RDC,2-Aug-12,24-Jul-12,24-Jul-12,ARV,Adult,SCMS from RDC,"Lamivudine/Zidovudine 150/300mg, tablets, 60 Tabs",Lamivudine/Zidovudine,Generic,150/300mg,Tablet - FDC,60,25712,198496.64,7.72,0.13,"Aurobindo Unit III, India",No,See DN-2764 (ID#:82494),See DN-2764 (ID#:82494),278.29
71219,102-SZ-T30,FPQ-9212,SCMS-135100,ASN-14107,Swaziland,PMO - US,Direct Drop,EXW,Air,1/19/2012,2/6/2012,2-Apr-12,2-Apr-12,2-Apr-12,HRDT,HIV test,"Orgenics, Ltd","HIV 1/2, Determine Complete HIV Kit, 100 Tests","HIV 1/2, Determine Complete HIV Kit",Determine,,Test kit,100,130,10400.0,80.0,0.8,"Alere Medical Co., Ltd.",Yes,60,1360.14,14.58
86817,103-ZW-T30,FPQ-15197,SO-50020,DN-4307,Zimbabwe,PMO - US,From RDC,N/A - From RDC,Truck,10/16/2014,N/A - From RDC,31-Jul-15,15-Jul-15,20-Jul-15,ARV,Pediatric,SCMS from RDC,"Lamivudine/Nevirapine/Zidovudine 30/50/60mg, dispersible tablets, 60 Tabs",Lamivudine/Nevirapine/Zidovudine,Generic,30/50/60mg,Chewable/dispersible tablet - FDC,60,205243,738874.8,3.6,0.06,"Cipla, Goa, India",No,See DN-4307 (ID#:83920),See DN-4307 (ID#:83920),869.66
61436,114-UG-T30,FPQ-16569,SCMS-295010,ASN-33776,Uganda,PMO - US,Direct Drop,EXW,Air,7/6/2015,7/28/2015,28-Aug-15,28-Aug-15,31-Aug-15,ARV,Adult,STRIDES ARCOLAB LIMITED,"Efavirenz 600mg, tablets, 30 Tabs",Efavirenz,Generic,600mg,Tablet,30,61751,194515.65,3.15,0.1,"Strides, Bangalore, India.",Yes,Weight Captured Separately,Invoiced Separately,228.94
86377,151-NG-T30,FPQ-6800,SO-39190,DN-2169,Nigeria,PMO - US,From RDC,N/A - From RDC,Air Charter,12/7/2010,N/A - From RDC,21-Jun-11,10-May-11,10-May-11,ARV,Adult,SCMS from RDC,"Lamivudine 150mg, tablets, 60 Tabs",Lamivudine,Generic,150mg,Tablet,60,21200,49396.0,2.33,0.04,"Aurobindo Unit III, India",Yes,1012,12601.07,81.5
32889,116-ZA-T30,FPQ-11828,SCMS-183950,ASN-19166,South Africa,South Africa Field Office,Direct Drop,DDP,Truck,3/18/2013,Date Not Captured,16-Apr-13,16-Apr-13,16-Apr-13,ARV,Adult,S. BUYS WHOLESALER,"Emtricitabine/Tenofovir Disoproxil Fumarate 200/300mg, tablets, 30 Tabs",Emtricitabine/Tenofovir Disoproxil Fumarate,Generic,200/300mg,Tablet - FDC,30,50,1528.18,30.56,1.02,"Aurobindo Unit III, India",No,Weight Captured Separately,Freight Included in Commodity Cost,1.89
9804,117-ET-T01,Pre-PQ Process,SCMS-24890,ASN-2218,Ethiopia,PMO - US,Direct Drop,EXW,Air,Pre-PQ Process,6/10/2008,13-Aug-08,13-Aug-08,13-Aug-08,ANTM,Malaria,MISSIONPHARMA A/S,"Primaquine 15mg base (as diphosphate), tablets, 1000 Tabs",Primaquine base (as diphosphate),Generic,15mg,Tablet,1000,32,1434.88,44.84,0.04,"Weifa A.S., Hausmanngt. 6, P.O. Box 9113 GrÃ¸nland, 0133, Oslo, Norway",Yes,7,399.18,2.3
58277,104-CI-T30,FPQ-5208,SCMS-75370,ASN-7631,Côte d'Ivoire,PMO - US,Direct Drop,EXW,Air,2/25/2010,6/7/2010,27-Aug-10,27-Aug-10,27-Aug-10,HRDT,HIV test,"Standard Diagnostics, Inc.","HIV 1/2, Bioline 3.0 Kit, (no accessories), 30 Tests","HIV 1/2, Bioline 3.0 Kit (no accessories)",Bioline,,Test kit,30,1456,34944.0,24.0,0.8,"Standard Diagnostics, Korea",Yes,486,5074.33,75.34
10622,110-ZM-T01,Pre-PQ Process,SO-535,DN-380,Zambia,PMO - US,From RDC,N/A - From RDC,,Pre-PQ Process,N/A - From RDC,17-Oct-07,17-Oct-07,17-Oct-07,HRDT,HIV test,SCMS from RDC,"HIV 1/2, Determine Complete HIV Kit, 100 Tests","HIV 1/2, Determine Complete HIV Kit",Determine,,Test kit,100,1128,90240.0,80.0,0.8,ABBVIE GmbH & Co.KG Wiesbaden,Yes,629,2938.27,144.38
12109,117-ET-T01,Pre-PQ Process,SO-914,DN-332,Ethiopia,PMO - US,From RDC,N/A - From RDC,,Pre-PQ Process,N/A - From RDC,4-Sep-07,4-Sep-07,4-Sep-07,ARV,Pediatric,SCMS from RDC,"Lamivudine 10mg/ml, oral solution, Bottle, 240 ml",Lamivudine,Generic,10mg/ml,Oral solution,240,11950,23541.5,1.97,0.01,"Aurobindo Unit III, India",No,See DN-332 (ID#:10613),See DN-332 (ID#:10613),37.67
37979,103-ZW-T30,FPQ-9905,SCMS-148290,ASN-16417,Zimbabwe,PMO - US,Direct Drop,FCA,Air,5/29/2012,7/18/2012,8-Nov-12,8-Nov-12,8-Nov-12,ARV,Pediatric,ABBVIE LOGISTICS (FORMERLY ABBOTT LOGISTICS BV),"Lopinavir/Ritonavir 80/20mg/ml [Kaletra], oral solution, cool, Bottle 5 x 60 ml",Lopinavir/Ritonavir,Kaletra,80/20mg/ml,Oral solution,300,1500,46230.0,30.82,0.1,ABBVIE (Abbott) Logis. UK,Yes,1374,15593.13,64.81
12925,106-HT-T01,Pre-PQ Process,SO-34250,DN-1497,Haiti,PMO - US,From RDC,N/A - From RDC,Air,Date Not Captured,N/A - From RDC,22-Oct-09,22-Oct-09,22-Oct-09,ARV,Adult,SCMS from RDC,"Stavudine 30mg, capsules, 60 Caps",Stavudine,Generic,30mg,Capsule,60,4410,6438.6,1.46,0.02,"Aurobindo Unit III, India",Yes,286,3842.22,13.88
42274,161-ZA-T30,FPQ-6708,SCMS-93550,ASN-11432,South Africa,PMO - US,Direct Drop,DDP,Ocean,11/26/2010,12/14/2010,13-Jun-11,15-Sep-11,15-Sep-11,ARV,Adult,Aurobindo Pharma Limited,"Tenofovir Disoproxil Fumarate 300mg, tablets, 30 Tabs",Tenofovir Disoproxil Fumarate,Generic,300mg,Tablet,30,76097,506045.05,6.65,0.22,"Aurobindo Unit III, India",Yes,7105,6121.41,834.97
16828,108-VN-T30,FPQ-4720,SCMS-62460,ASN-6355,Vietnam,PMO - US,Direct Drop,EXW,Air,1/4/2009,1/12/2010,29-Mar-10,29-Mar-10,29-Mar-10,ARV,Adult,MYLAN LABORATORIES LTD (FORMERLY MATRIX LABORATORIES),"Abacavir 300mg, tablets, 60 Tabs",Abacavir,Generic,300mg,Tablet,60,100,1750.0,17.5,0.29,Mylan (formerly Matrix) Nashik,Yes,2128,7784.92,3.77
85321,111-MZ-T30,FPQ-10210,SO-42832,DN-2965,Mozambique,PMO - US,From RDC,N/A - From RDC,Truck,6/28/2012,N/A - From RDC,11-Jan-13,11-Jan-13,11-Jan-13,ARV,Adult,SCMS from RDC,"Lamivudine/Nevirapine/Zidovudine 150/200/300mg, tablets, 60 Tabs",Lamivudine/Nevirapine/Zidovudine,Generic,150/300/200mg,Tablet - FDC,60,84875,816497.5,9.62,0.16,"Cipla, Goa, India",Yes,18031,7433.02,1144.73
19282,116-ZA-T30,FPQ-3560,SCMS-50950,ASN-5006,South Africa,PMO - US,Direct Drop,DDP,Truck,5/7/2009,8/3/2009,3-Sep-09,3-Sep-09,3-Sep-09,ARV,Adult,S. BUYS WHOLESALER,"Tenofovir Disoproxil Fumarate 300mg [Viread], tablets, 30 Tabs",Tenofovir Disoproxil Fumarate,Viread,300mg,Tablet,30,800,21392.98,26.74,0.89,"Aspen-OSD, Port Elizabeth, SA",Yes,Weight Captured Separately,Freight Included in Commodity Cost,41.93
15131,110-ZM-T30,FPQ-12251,SCMS-189230,ASN-20474,Zambia,PMO - US,Direct Drop,EXW,Air,5/2/2013,5/22/2013,11-Sep-13,11-Sep-13,11-Sep-13,HRDT,HIV test,"Orgenics, Ltd","HIV 1/2, Determine Complete HIV Kit, 100 Tests","HIV 1/2, Determine Complete HIV Kit",Determine,,Test kit,100,6000,480000.0,80.0,0.8,"Alere Medical Co., Ltd.",Yes,2606,38354.26,593.76
3743,116-ZA-T01,Pre-PQ Process,SCMS-41040,ASN-3623,South Africa,PMO - US,Direct Drop,DDP,Air,Pre-PQ Process,Date Not Captured,7-Apr-09,3-Dec-08,3-Dec-08,ARV,Adult,S. BUYS WHOLESALER,"Nevirapine 200mg [Viramune], tablets, 60 Tabs",Nevirapine,Viramune,200mg,Tablet,60,1560,23649.6,15.16,0.25,"Boehringer Ing., Koropi, GR",No,Weight Captured Separately,Freight Included in Commodity Cost,46.35
40070,116-ZA-T30,FPQ-14942,SCMS-259076,ASN-32524,South Africa,PMO - US,Direct Drop,DDP,Truck,9/11/2014,6/2/2015,2-Jun-15,2-Jun-15,2-Jun-15,ARV,Adult,PHARMACY DIRECT,"Abacavir 300mg, tablets, 60 Tabs",Abacavir,Generic,300mg,Tablet,60,31,1545.41,49.85,0.83,"Aurobindo Unit III, India",No,Weight Captured Separately,Freight Included in Commodity Cost,1.59
84228,114-UG-T30,FPQ-10780,SO-43490,DN-3024,Uganda,PMO - US,From RDC,N/A - From RDC,Air,10/10/2012,N/A - From RDC,18-Mar-13,7-Mar-13,7-Mar-13,ARV,Adult,SCMS from RDC,"Lamivudine/Nevirapine/Zidovudine 150/200/300mg, tablets, 60 Tabs",Lamivudine/Nevirapine/Zidovudine,Generic,150/300/200mg,Tablet - FDC,60,7253,62230.74,8.58,0.14,"Cipla, Goa, India",No,See DN-3024 (ID#:83112),See DN-3024 (ID#:83112),87.25
35493,110-ZM-T30,FPQ-11979,SCMS-188800,ASN-21073,Zambia,PMO - US,Direct Drop,EXW,Air,4/19/2013,5/13/2013,27-Aug-13,27-Aug-13,27-Aug-13,ARV,Adult,Aurobindo Pharma Limited,"Emtricitabine/Tenofovir Disoproxil Fumarate 200/300mg, tablets, 30 Tabs",Emtricitabine/Tenofovir Disoproxil Fumarate,Generic,200/300mg,Tablet - FDC,30,79620,469758.0,5.9,0.2,"Aurobindo Unit III, India",Yes,7133,40583.63,581.09
14278,117-ET-T30,FPQ-4851,SCMS-62830,ASN-6210,Ethiopia,PMO - US,Direct Drop,EXW,Air,1/5/2010,1/13/2010,4-Mar-10,4-Mar-10,4-Mar-10,ARV,Adult,Aurobindo Pharma Limited,"Lamivudine 150mg, tablets, 60 Tabs",Lamivudine,Generic,150mg,Tablet,60,56000,133280.0,2.38,0.04,"Aurobindo Unit III, India",Yes,2996,10612.93,287.35
85959,111-MZ-T30,FPQ-11882,SO-44830,DN-3110,Mozambique,PMO - US,From RDC,N/A - From RDC,Truck,3/19/2013,N/A - From RDC,6-Jun-13,20-Jun-13,20-Jun-13,ARV,Adult,SCMS from RDC,"Zidovudine 300mg, tablets, 60 Tabs",Zidovudine,Generic,300mg,Tablet,60,567,3708.18,6.54,0.11,Hetero Unit III Hyderabad IN,No,See DN-3110 (ID#:84809),See DN-3110 (ID#:84809),4.59
75554,106-HT-T30,FPQ-15038,SCMS-262840,ASN-31820,Haiti,PMO - US,Direct Drop,EXW,Ocean,10/22/2014,12/24/2014,3-Jul-15,3-Jul-15,13-Jul-15,ARV,Adult,MYLAN LABORATORIES LTD (FORMERLY MATRIX LABORATORIES),"Efavirenz/Lamivudine/Tenofovir Disoproxil Fumarate 600/300/300mg, tablets, 30 Tabs",Efavirenz/Lamivudine/Tenofovir Disoproxil Fumarate,Generic,600/300/300mg,Tablet - FDC,30,65025,665856.0,10.24,0.34,Mylan (formerly Matrix) Nashik,No,See ASN-31820 (ID#:16098),See ASN-31820 (ID#:16098),684.5
84786,114-UG-T30,FPQ-11143,SO-43961,DN-3001,Uganda,PMO - US,From RDC,N/A - From RDC,Air,12/13/2012,N/A - From RDC,22-Feb-13,20-Feb-13,20-Feb-13,ARV,Adult,SCMS from RDC,"Tenofovir Disoproxil Fumarate 300mg, tablets, 30 Tabs",Tenofovir Disoproxil Fumarate,Generic,300mg,Tablet,30,240,969.6,4.04,0.13,Mylan (formerly Matrix) Nashik,No,See DN-3001 (ID#:83651),See DN-3001 (ID#:83651),1.2
84034,151-NG-T30,FPQ-5023,SO-37080,DN-1990,Nigeria,PMO - US,From RDC,N/A - From RDC,Air Charter,2/10/2010,N/A - From RDC,12-Aug-10,17-Aug-10,17-Aug-10,ARV,Adult,SCMS from RDC,"Nevirapine 200mg, tablets, 60 Tabs",Nevirapine,Generic,200mg,Tablet,60,13104,35773.92,2.73,0.05,"Aurobindo Unit III, India",Yes,1448,6147.18,77.13
41414,116-ZA-T30,FPQ-12522,SCMS-199283,ASN-27976,South Africa,PMO - US,Direct Drop,DDP,Truck,7/11/2013,8/27/2014,27-Aug-14,27-Aug-14,27-Aug-14,ARV,Adult,S. BUYS WHOLESALER,"Efavirenz 600mg, tablets, 30 Tabs",Efavirenz,Generic,600mg,Tablet,30,257,4298.6,16.73,0.56,Hetero Unit III Hyderabad IN,No,Weight Captured Separately,Freight Included in Commodity Cost,5.32
12836,111-MZ-T01,Pre-PQ Process,SO-15080,DN-1034,Mozambique,PMO - US,From RDC,N/A - From RDC,Air,Pre-PQ Process,N/A - From RDC,21-Feb-09,21-Feb-09,21-Feb-09,ARV,Adult,SCMS from RDC,"Indinavir 400mg [Crixivan], capsules, 180 Caps",Indinavir,Crixivan,400mg,Capsule,180,252,12600.0,50.0,0.28,"MSD, Haarlem, NL",No,See DN-1034 (ID#:10732),See DN-1034 (ID#:10732),24.7
10751,110-ZM-T01,Pre-PQ Process,SO-2483,DN-954,Zambia,PMO - US,From RDC,N/A - From RDC,Truck,Pre-PQ Process,N/A - From RDC,21-Oct-08,21-Oct-08,21-Oct-08,ARV,Adult,SCMS from RDC,"Efavirenz 600mg, tablets, 30 Tabs",Efavirenz,Generic,600mg,Tablet,30,50000,600500.0,12.01,0.4,Mylan (formerly Matrix) Nashik,Yes,3775,4060.54,1176.98
83420,151-NG-T30,FPQ-4537,SO-36006,DN-1792,Nigeria,PMO - US,From RDC,N/A - From RDC,Air Charter,11/6/2009,N/A - From RDC,31-May-10,18-May-10,18-May-10,ARV,Adult,SCMS from RDC,"Lamivudine/Nevirapine/Zidovudine 150/200/300mg, tablets, 60 Tabs",Lamivudine/Nevirapine/Zidovudine,Generic,150/300/200mg,Tablet - FDC,60,40000,448800.0,11.22,0.19,"Aurobindo Unit III, India",Yes,4692,9736.1,967.61
11539,123-NG-T01,Pre-PQ Process,SO-2553,DN-836,Nigeria,PMO - US,From RDC,N/A - From RDC,Air,Pre-PQ Process,N/A - From RDC,31-Jul-08,31-Jul-08,31-Jul-08,ARV,Adult,SCMS from RDC,"Nevirapine 200mg, tablets, 60 Tabs",Nevirapine,Generic,200mg,Tablet,60,6002,20406.8,3.4,0.06,"Aurobindo Unit III, India",No,See DN-836 (ID#:11244),See DN-836 (ID#:11244),32.65
84535,104-CI-T30,FPQ-4378,SO-34451,DN-1670,Côte d'Ivoire,PMO - US,From RDC,N/A - From RDC,Air,10/15/2009,N/A - From RDC,16-Mar-10,10-Mar-10,10-Mar-10,ARV,Pediatric,SCMS from RDC,"Lamivudine 10mg/ml, oral solution, Bottle, 240 ml",Lamivudine,Generic,10mg/ml,Oral solution,240,2345,4455.5,1.9,0.01,"Cipla, Goa, India",No,See DN-1670 (ID#:82862),See DN-1670 (ID#:82862),8.73
61473,116-ZA-T30,FPQ-14942,SCMS-259077,ASN-33477,South Africa,PMO - US,Direct Drop,DDP,Truck,9/11/2014,10/9/2014,24-Jul-15,24-Jul-15,24-Jul-15,ARV,Adult,PHARMACY DIRECT,"Lamivudine/Zidovudine 150/300mg, tablets, 60 Tabs",Lamivudine/Zidovudine,Generic,150/300mg,Tablet - FDC,60,13,293.03,22.54,0.38,"Aurobindo Unit III, India",No,Weight Captured Separately,Freight Included in Commodity Cost,0.3
84294,111-MZ-T30,FPQ-11884,SO-44866,DN-3350,Mozambique,PMO - US,From RDC,N/A - From RDC,Truck,3/19/2013,N/A - From RDC,15-Nov-13,8-Oct-13,18-Oct-13,ARV,Adult,SCMS from RDC,"Zidovudine 300mg, tablets, 60 Tabs",Zidovudine,Generic,300mg,Tablet,60,21410,133812.5,6.25,0.1,Hetero Unit III Hyderabad IN,No,See DN-3350 (ID#:83165),See DN-3350 (ID#:83165),165.53
14564,116-ZA-T30,FPQ-14942,SCMS-259074,ASN-31070,South Africa,PMO - US,Direct Drop,DDP,Truck,9/11/2014,3/9/2015,9-Mar-15,9-Mar-15,9-Mar-15,ARV,Adult,PHARMACY DIRECT,"Zidovudine 300mg, tablets, 60 Tabs",Zidovudine,Generic,300mg,Tablet,60,7,126.22,18.03,0.3,"Aurobindo Unit III, India",No,Weight Captured Separately,Freight Included in Commodity Cost,0.13
20280,123-NG-T30,FPQ-4066,SCMS-51270,ASN-5524,Nigeria,PMO - US,Direct Drop,FCA,Air,8/3/2009,8/12/2009,15-Dec-09,15-Dec-09,15-Dec-09,ARV,Adult,Hoffmann-La Roche ltd Basel,"Saquinavir 500mg [Invirase], tablets, 120 Tabs",Saquinavir,Invirase,500mg,Tablet,120,500,47667.85,95.34,0.79,Roche Basel,Yes,83,852.02,93.43
84695,101-CD-T30,FPQ-8840,SO-41134,DN-2496,"Congo, DRC",PMO - US,From RDC,N/A - From RDC,Air,11/21/2011,N/A - From RDC,16-Mar-12,14-Feb-12,14-Feb-12,ARV,Adult,SCMS from RDC,"Efavirenz 600mg, tablets, 30 Tabs",Efavirenz,Generic,600mg,Tablet,30,19,78.28,4.12,0.14,"Strides, Bangalore, India.",No,See DN-2496 (ID#:82434),See DN-2496 (ID#:82434),0.11
46206,116-ZA-T30,FPQ-4359,SCMS-54980,ASN-5372,South Africa,PMO - US,Direct Drop,DDP,Truck,10/8/2009,10/15/2009,21-Oct-09,21-Oct-09,21-Oct-09,ARV,Adult,S. BUYS WHOLESALER,"Lamivudine 150mg [Epivir], tablets, 60 Tabs",Lamivudine,Epivir,150mg,Tablet,60,2600,16744.82,6.44,0.11,GSK Cape Town Factory (South Africa),No,Weight Captured Separately,Freight Included in Commodity Cost,32.82
82574,151-NG-T30,FPQ-11022,SO-43842,DN-3148,Nigeria,PMO - US,From RDC,N/A - From RDC,Air Charter,11/15/2012,N/A - From RDC,21-May-13,6-May-13,6-May-13,ARV,Adult,SCMS from RDC,"Nevirapine 200mg, tablets, 60 Tabs",Nevirapine,Generic,200mg,Tablet,60,57227,129333.02,2.26,0.04,"Strides, Bangalore, India.",Yes,4844,21591.1,159.98
86657,101-CD-T30,FPQ-13554,SO-47630,DN-3561,"Congo, DRC",PMO - US,From RDC,N/A - From RDC,Air,1/15/2014,N/A - From RDC,30-May-14,19-May-14,26-Jun-14,ARV,Adult,SCMS from RDC,"Efavirenz 600mg, tablets, 30 Tabs",Efavirenz,Generic,600mg,Tablet,30,2827,9413.91,3.33,0.11,"Strides, Bangalore, India.",No,See DN-3561 (ID#:82654),See DN-3561 (ID#:82654),9.68
34122,104-CI-T30,FPQ-13125,SCMS-215031,ASN-24897,Côte d'Ivoire,PMO - US,Direct Drop,EXW,Air,10/25/2013,11/21/2013,17-Mar-14,17-Mar-14,18-Mar-14,HRDT,HIV test,"Standard Diagnostics, Inc.","HIV 1/2, Bioline 3.0 Kit, Lancets, Capillary pipets, Alcohol swabs included, 25 Tests","HIV 1/2, Bioline 3.0 Kit, Lancets, Capillary pipets, Alcohol swabs included",Bioline,,Test kit,25,2700,55350.0,20.5,0.82,"Standard Diagnostics, Korea",Yes,900,9024.04,56.9
80072,108-VN-T30,FPQ-11417,SCMS-174360,ASN-19383,Vietnam,PMO - US,Direct Drop,EXW,Air,1/10/2013,1/22/2013,28-May-13,28-May-13,28-May-13,ARV,Adult,MICRO LABS LIMITED,"Lamivudine 150mg, tablets, 60 Tabs",Lamivudine,Generic,150mg,Tablet,60,34900,63169.0,1.81,0.03,"Micro labs, Verna, Goa, India",Yes,1588,11413.52,78.14
84723,107-RW-T30,FPQ-9637,SO-41820,DN-2653,Rwanda,PMO - US,From RDC,N/A - From RDC,Air,3/28/2012,N/A - From RDC,29-Jun-12,15-May-12,15-May-12,ARV,Adult,SCMS from RDC,"Efavirenz 600mg, tablets, 30 Tabs",Efavirenz,Generic,600mg,Tablet,30,24126,94332.66,3.91,0.13,"Strides, Bangalore, India.",Yes,1444,15842.34,132.25
57959,104-CI-T30,FPQ-15618,SCMS-272200,ASN-32748,Côte d'Ivoire,PMO - US,Direct Drop,EXW,Air,12/17/2014,3/13/2015,21-Jul-15,21-Jul-15,22-Jul-15,HRDT,HIV test,"Orgenics, Ltd","HIV 1/2, Determine Complete HIV Kit, 100 Tests","HIV 1/2, Determine Complete HIV Kit",Determine,,Test kit,100,7000,560000.0,80.0,0.8,"Alere Medical Co., Ltd.",Yes,2836,Freight Included in Commodity Cost,659.12
71784,108-VN-T30,FPQ-13976,SCMS-236060,ASN-27812,Vietnam,PMO - US,Direct Drop,EXW,Air,4/8/2014,4/30/2014,22-Sep-14,22-Sep-14,4-Nov-14,ARV,Adult,HETERO LABS LIMITED,"Abacavir 300mg, tablets, 60 Tabs",Abacavir,Generic,300mg,Tablet,60,500,5725.0,11.45,0.19,Hetero Unit III Hyderabad IN,No,See ASN-27812 (ID#:25926),See ASN-27812 (ID#:25926),5.89
11009,111-MZ-T01,Pre-PQ Process,SO-26390,DN-1150,Mozambique,PMO - US,From RDC,N/A - From RDC,Air,Pre-PQ Process,N/A - From RDC,27-Apr-09,27-Apr-09,27-Apr-09,ARV,Pediatric,SCMS from RDC,"Lopinavir/Ritonavir 80/20mg/ml [Kaletra], oral solution, cool, Bottle 5 x 60 ml",Lopinavir/Ritonavir,Kaletra,80/20mg/ml,Oral solution,300,40,1644.0,41.1,0.14,ABBVIE (Abbott) Logis. UK,Yes,52,1287.77,3.22
84801,103-SS-T30,FPQ-11489,SO-44620,DN-3080,South Sudan,PMO - US,From RDC,N/A - From RDC,Air,1/16/2013,N/A - From RDC,17-Apr-13,23-Apr-13,23-Apr-13,ARV,Pediatric,SCMS from RDC,"Efavirenz 200mg, scored tablets, 90 Tabs",Efavirenz,Generic,200mg,Tablet,90,66,481.8,7.3,0.08,"Strides, Bangalore, India.",No,See DN-3080 (ID#:82562),See DN-3080 (ID#:82562),0.6
33168,109-TZ-T30,FPQ-11427,SCMS-175480,ASN-19502,Tanzania,PMO - US,Direct Drop,EXW,Air,1/15/2013,2/15/2013,18-Jun-13,18-Jun-13,18-Jun-13,ARV,Adult,MYLAN LABORATORIES LTD (FORMERLY MATRIX LABORATORIES),"Atazanavir/Ritonavir 300/100mg, tablets, 30 Tabs",Atazanavir/Ritonavir,Generic,300/100mg,Tablet,30,4779,107527.5,22.5,0.75,Mylan (formerly Matrix) Nashik,Yes,643,4142.07,133.01
15738,108-VN-T30,FPQ-15823,SCMS-277340,ASN-32255,Vietnam,PMO - US,Direct Drop,FCA,Air,2/13/2015,3/4/2015,15-Jul-15,15-Jul-15,15-Jul-15,ARV,Adult,ABBVIE LOGISTICS (FORMERLY ABBOTT LOGISTICS BV),"Ritonavir 100mg [Norvir], film coated tablets, 30 Tabs",Ritonavir,Norvir,100mg,Tablet,30,400,9304.0,23.26,0.78,ABBVIE Ludwigshafen Germany,Yes,40,642.45,10.95
81031,107-RW-T30,FPQ-14813,SCMS-260920,ASN-31240,Rwanda,PMO - US,Direct Drop,FCA,Air,10/9/2014,12/15/2014,26-Mar-15,26-Mar-15,26-Mar-15,ARV,Pediatric,ABBVIE LOGISTICS (FORMERLY ABBOTT LOGISTICS BV),"Lopinavir/Ritonavir 80/20mg/ml [Kaletra], oral solution, cool, Bottle 5 x 60 ml",Lopinavir/Ritonavir,Kaletra,80/20mg/ml,Oral solution,300,86,2650.52,30.82,0.1,ABBVIE (Abbott) Logis. UK,Yes,100,1952.77,2.72
82281,111-MZ-T30,FPQ-4479,SO-34170,DN-1580,Mozambique,PMO - US,From RDC,N/A - From RDC,Air,2/26/2009,N/A - From RDC,19-Jan-10,26-Jan-10,26-Jan-10,ARV,Adult,SCMS from RDC,"Zidovudine 300mg, tablets, 60 Tabs",Zidovudine,Generic,300mg,Tablet,60,92,709.32,7.71,0.13,"Aurobindo Unit III, India",Yes,363,1816.73,1.39
2965,100-HT-T01,Pre-PQ Process,SCMS-15880,ASN-1301,Haiti,PMO - US,Direct Drop,EXW,Air,Pre-PQ Process,1/3/2008,27-Feb-08,18-Feb-08,18-Feb-08,HRDT,HIV test,"Trinity Biotech, Plc","HIV 1/2, Capillus HIV Kit, 100 Tests","HIV 1/2, Capillus HIV Kit",Capillus,,Test kit,100,4,556.0,139.0,1.39,"Trinity Biotech, Plc",Yes,Weight Captured Separately,Invoiced Separately,0.89
50798,106-HT-T30,FPQ-14083,SCMS-240191,ASN-27659,Haiti,PMO - US,Direct Drop,EXW,Ocean,5/11/2014,6/26/2014,28-Oct-14,28-Oct-14,19-Nov-14,ARV,Pediatric,Aurobindo Pharma Limited,"Lamivudine 10mg/ml, oral solution, Bottle, 240 ml",Lamivudine,Generic,10mg/ml,Oral solution,240,1650,2359.5,1.43,0.01,"Aurobindo Unit III, India",No,See ASN-27659 (ID#:16881),See ASN-27659 (ID#:16881),2.43
41092,104-CI-T30,FPQ-9756,SCMS-147690,ASN-17354,Côte d'Ivoire,PMO - US,Direct Drop,EXW,Air,4/23/2012,6/6/2012,31-Dec-12,31-Dec-12,31-Dec-12,ARV,Pediatric,Aurobindo Pharma Limited,"Abacavir/Lamivudine 60/30mg, tablets, 60 Tabs",Abacavir/Lamivudine,Generic,60/30mg,Tablet - FDC,60,7228,33248.8,4.6,0.08,"Aurobindo Unit III, India",Yes,338,3845.67,46.61
71064,107-RW-T30,FPQ-10092,SCMS-149432,ASN-15626,Rwanda,PMO - US,Direct Drop,EXW,Air,6/4/2012,6/12/2012,4-Aug-12,4-Aug-12,4-Aug-12,ARV,Adult,HETERO LABS LIMITED,"Lamivudine/Tenofovir Disoproxil Fumarate 300/300mg, tablets, 30 Tabs",Lamivudine/Tenofovir Disoproxil Fumarate,Generic,300/300mg,Tablet - FDC,30,40805,195455.95,4.79,0.16,Hetero Unit III Hyderabad IN,Yes,4574,45060.6,274.03
10086,117-ET-T01,Pre-PQ Process,SCMS-32410,ASN-3259,Ethiopia,PMO - US,Direct Drop,EXW,Air,Pre-PQ Process,10/22/2008,30-Jan-09,30-Jan-09,30-Jan-09,HRDT,HIV test,"CHEMBIO DIAGNOSTIC SYSTEMS, INC.","HIV 1/2, Stat-Pak HIV, Kit, 20 Tests","HIV 1/2, Stat-Pak HIV, Kit",Stat-Pak,,Test kit,20,3711,100197.0,27.0,1.35,Chembio Diagnostics Sys. Inc.,Yes,1341,6112.63,196.39
8185,116-ZA-T01,Pre-PQ Process,SCMS-14050,ASN-1251,South Africa,PMO - US,Direct Drop,DDP,,Pre-PQ Process,11/12/2007,29-Jan-08,29-Jan-08,29-Jan-08,ARV,Pediatric,"JSI R&T INSTITUTE, INC.","Efavirenz 200mg [Stocrin/Sustiva], capsule, 90 Caps",Efavirenz,Stocrin/Sustiva,200mg,Capsule,90,60,2112.0,35.2,0.39,"MSD Midrand, J'burg, SA",No,Weight Captured Separately,Freight Included in Commodity Cost,3.38
61749,111-MZ-T30,FPQ-5443,SCMS-70770,ASN-7201,Mozambique,PMO - US,Direct Drop,EXW,Air,4/5/2010,4/21/2010,4-Aug-10,4-Aug-10,4-Aug-10,HRDT,HIV test,"Orgenics, Ltd","HIV 1/2, Determine HIV Kit, without Lancets, 100 Tests","HIV 1/2, Determine HIV Kit, without Lancets",Determine,,Test kit,100,4131,320978.7,77.7,0.78,Inverness Japan,Yes,937,11566.55,692.03
11662,110-ZM-T01,Pre-PQ Process,SO-32490,DN-1328,Zambia,PMO - US,From RDC,N/A - From RDC,Truck,Date Not Captured,N/A - From RDC,4-Sep-09,4-Sep-09,4-Sep-09,ARV,Adult,SCMS from RDC,"Lamivudine/Nevirapine/Stavudine 150/200/30mg, tablets, 60 Tabs",Lamivudine/Nevirapine/Stavudine,Generic,150/200/30mg,Tablet - FDC,60,40126,285697.12,7.12,0.12,"Cipla, Goa, India",Yes,4414,4506.2,559.97
54471,151-NG-T30,FPQ-14780,SCMS-254170,ASN-32901,Nigeria,PMO - US,Direct Drop,EXW,Air,8/13/2014,8/29/2014,5-Aug-15,5-Aug-15,10-Aug-15,ARV,Adult,EMCURE PHARMACEUTICALS LTD,"Atazanavir/Ritonavir 300/100mg, tablets, 30 Tabs",Atazanavir/Ritonavir,Generic,300/100mg,Tablet,30,11440,205920.0,18.0,0.6,"Emcure Plot No.P-2, I.T-B.T. Park, Phase II, MIDC, Hinjwadi, Pune, India",Yes,Weight Captured Separately,Invoiced Separately,211.69
41045,107-RW-T30,FPQ-3859,SCMS-49080,ASN-5589,Rwanda,PMO - US,Direct Drop,CIP,Air,6/30/2009,7/16/2009,15-Dec-09,15-Dec-09,15-Dec-09,ARV,Adult,HETERO LABS LIMITED,"Nevirapine 200mg, tablets, 60 Tabs",Nevirapine,Generic,200mg,Tablet,60,34500,106605.0,3.09,0.05,Hetero Unit III Hyderabad IN,Yes,2044,10883.65,208.95
84514,113-ZW-T30,FPQ-4472,SO-27200,DN-1554,Zimbabwe,PMO - US,From RDC,N/A - From RDC,Truck,3/17/2009,N/A - From RDC,18-Dec-09,7-Dec-09,7-Dec-09,ARV,Adult,SCMS from RDC,"Lamivudine/Nevirapine/Stavudine 150/200/30mg, tablets, 60 Tabs",Lamivudine/Nevirapine/Stavudine,Generic,150/200/30mg,Tablet - FDC,60,76000,506160.0,6.66,0.11,"Cipla, Goa, India",Yes,8280,15328.58,992.07
83069,151-NG-T30,FPQ-9432,SO-42937,DN-2821,Nigeria,PMO - US,From RDC,N/A - From RDC,Air,3/1/2012,N/A - From RDC,31-Aug-12,14-Aug-12,14-Aug-12,ARV,Adult,SCMS from RDC,"Lamivudine/Tenofovir Disoproxil Fumarate 300/300mg, tablets, 30 Tabs",Lamivudine/Tenofovir Disoproxil Fumarate,Generic,300/300mg,Tablet - FDC,30,25000,134000.0,5.36,0.18,Hetero Unit III Hyderabad IN,Yes,5897,18461.22,187.87
28192,107-RW-T30,FPQ-6185,SCMS-84411,ASN-9660,Rwanda,PMO - US,Direct Drop,CIP,Air,9/3/2010,9/27/2010,9-Feb-11,9-Feb-11,9-Feb-11,ARV,Adult,CIPLA LIMITED,"Lopinavir/Ritonavir 200/50mg, tablets, 120 Tabs",Lopinavir/Ritonavir,Generic,200/50mg,Tablet,120,11440,392392.0,34.3,0.29,Cipla Ltd A-42 MIDC Mahar. IN,No,Weight Captured Separately,Freight Included in Commodity Cost,846.0
84559,114-UG-T30,FPQ-5275,SO-36260,DN-1819,Uganda,PMO - US,From RDC,N/A - From RDC,Air,3/4/2010,N/A - From RDC,9-Jul-10,3-May-10,3-May-10,ARV,Adult,SCMS from RDC,"Lamivudine/Zidovudine 150/300mg, tablets, 60 Tabs",Lamivudine/Zidovudine,Generic,150/300mg,Tablet - FDC,60,3600,31536.0,8.76,0.15,Hetero Unit III Hyderabad IN,Yes,238,3299.67,67.99
82535,104-CI-T30,FPQ-10626,SO-43270,DN-2974,Côte d'Ivoire,PMO - US,From RDC,N/A - From RDC,Truck,9/6/2012,N/A - From RDC,10-Jan-13,27-Dec-12,27-Dec-12,ARV,Adult,SCMS from RDC,"Lamivudine/Tenofovir Disoproxil Fumarate 300/300mg, tablets, 30 Tabs",Lamivudine/Tenofovir Disoproxil Fumarate,Generic,300/300mg,Tablet - FDC,30,9767,52351.12,5.36,0.18,"Cipla, Kurkumbh, India",Yes,852,3026.61,73.4
25328,116-ZA-T30,FPQ-4770,SCMS-60170,ASN-5934,South Africa,PMO - US,Direct Drop,DDP,Truck,12/17/2009,12/23/2009,28-Dec-09,28-Dec-09,28-Dec-09,ARV,Adult,S. BUYS WHOLESALER,"Lopinavir/Ritonavir 200/50mg [Aluvia], tablets, 120 Tabs",Lopinavir/Ritonavir,Aluvia,200/50mg,Tablet,120,150,6083.68,40.56,0.34,ABBVIE Ludwigshafen Germany,Yes,Weight Captured Separately,Freight Included in Commodity Cost,13.12
83079,107-RW-T30,FPQ-9888,SO-42120,DN-2852,Rwanda,PMO - US,From RDC,N/A - From RDC,Air,5/11/2012,N/A - From RDC,28-Sep-12,5-Oct-12,5-Oct-12,ARV,Pediatric,SCMS from RDC,"Abacavir 20mg/ml, oral solution w/syringe, Bottle, 240 ml",Abacavir,Generic,20mg/ml,Oral solution,240,4928,61600.0,12.5,0.05,"Aurobindo Unit III, India",Yes,1800,12500.58,86.36
47817,102-SS-T30,FPQ-9038,SCMS-137170,ASN-14402,South Sudan,PMO - US,Direct Drop,EXW,Air,1/17/2012,2/15/2012,15-May-12,15-May-12,15-May-12,HRDT,HIV test,"Trinity Biotech, Plc","HIV 1/2, Uni-Gold HIV Kit, 20 Tests","HIV 1/2, Uni-Gold HIV Kit",Uni-Gold,,Test kit,20,179,5728.0,32.0,1.6,"Trinity Biotech, Plc",Yes,63,2147.11,8.03
52793,105-GH-T30,FPQ-14667,SCMS-254770,ASN-30499,Ghana,PMO - US,Direct Drop,EXW,Air,8/11/2014,9/25/2014,10-Apr-15,10-Apr-15,13-Apr-15,ARV,Pediatric,MYLAN LABORATORIES LTD (FORMERLY MATRIX LABORATORIES),"Lamivudine/Zidovudine 30/60mg, dispersible tablets, 60 Tabs",Lamivudine/Zidovudine,Generic,30/60mg,Chewable/dispersible tablet - FDC,60,11022,21933.78,1.99,0.03,"Mylan,  H-12 & H-13, India",Yes,1976,12580,22.55
36416,113-ZW-T30,FPQ-13939,SCMS-234761,ASN-26863,Zimbabwe,PMO - US,Direct Drop,EXW,Air,4/1/2014,4/24/2014,18-Jul-14,18-Jul-14,18-Jul-14,ARV,Adult,STRIDES ARCOLAB LIMITED,"Nevirapine 200mg, tablets, 60 Tabs",Nevirapine,Generic,200mg,Tablet,60,35000,77000.0,2.2,0.04,"Strides, Bangalore, India.",Yes,2180,19328.2,79.16
21061,111-MZ-T30,FPQ-4108,SCMS-52430,ASN-5474,Mozambique,PMO - US,Direct Drop,FCA,Air,8/20/2009,9/3/2009,23-Nov-09,23-Nov-09,23-Nov-09,ARV,Adult,Hoffmann-La Roche ltd Basel,"Saquinavir 200mg [Invirase], capsules, 270 Caps",Saquinavir,Invirase,200mg,Capsule,270,168,15864.66,94.43,0.35,Roche Basel,Yes,86,1242.33,31.09
84418,111-MZ-T30,FPQ-14226,SO-48885,DN-3957,Mozambique,PMO - US,From RDC,N/A - From RDC,Truck,5/2/2014,N/A - From RDC,31-Dec-14,1-Dec-14,1-Dec-14,ARV,Adult,SCMS from RDC,"Lamivudine/Tenofovir Disoproxil Fumarate 300/300mg, tablets, 30 Tabs",Lamivudine/Tenofovir Disoproxil Fumarate,Generic,300/300mg,Tablet - FDC,30,20673,95922.72,4.64,0.15,Hetero Unit III Hyderabad IN,No,See DN-3957 (ID#:83283),See DN-3957 (ID#:83283),98.61
82324,151-NG-T30,FPQ-4537,SO-36572,DN-1864,Nigeria,PMO - US,From RDC,N/A - From RDC,Air Charter,11/6/2009,N/A - From RDC,30-Jun-10,28-Jun-10,28-Jun-10,ARV,Adult,SCMS from RDC,"Lamivudine/Nevirapine/Zidovudine 150/200/300mg, tablets, 60 Tabs",Lamivudine/Nevirapine/Zidovudine,Generic,150/300/200mg,Tablet - FDC,60,22571,253246.62,11.22,0.19,"Aurobindo Unit III, India",Yes,2657,Freight Included in Commodity Cost,546.0
21000,106-HT-T30,FPQ-14083,SCMS-240120,ASN-26692,Haiti,PMO - US,Direct Drop,FCA,Air,5/11/2014,5/28/2014,9-Sep-14,9-Sep-14,10-Sep-14,ARV,Pediatric,ABBVIE LOGISTICS (FORMERLY ABBOTT LOGISTICS BV),"Lopinavir/Ritonavir 100/25mg [Aluvia], tablets, 60 Tabs",Lopinavir/Ritonavir,Generic,100/25mg,Tablet,60,520,3088.8,5.94,0.1,ABBVIE Ludwigshafen Germany,Yes,65,892.5,3.18
82402,105-GY-T30,FPQ-8023,SO-40440,DN-2348,Guyana,PMO - US,From RDC,N/A - From RDC,Air,8/19/2011,N/A - From RDC,18-Oct-11,3-Oct-11,3-Oct-11,ARV,Adult,SCMS from RDC,"Zidovudine 300mg, tablets, 60 Tabs",Zidovudine,Generic,300mg,Tablet,60,726,5096.52,7.02,0.12,Hetero Unit III Hyderabad IN,Yes,199,3127.35,8.41
85446,105-GH-T30,FPQ-13609,SO-47940,DN-3576,Ghana,PMO - US,From RDC,N/A - From RDC,Truck,2/19/2014,N/A - From RDC,20-Mar-14,14-Mar-14,25-Apr-14,ARV,Adult,SCMS from RDC,"Efavirenz 600mg, tablets, 30 Tabs",Efavirenz,Generic,600mg,Tablet,30,24996,83236.68,3.33,0.11,"Strides, Bangalore, India.",No,See DN-3576 (ID#:83216),See DN-3576 (ID#:83216),85.57
9655,116-ZA-T01,Pre-PQ Process,SCMS-19800,ASN-1665,South Africa,PMO - US,Direct Drop,DDP,Truck,Pre-PQ Process,2/20/2008,24-Apr-08,24-Apr-08,24-Apr-08,ARV,Pediatric,S. BUYS WHOLESALER,"Efavirenz 200mg [Stocrin/Sustiva], capsule, 90 Caps",Efavirenz,Stocrin/Sustiva,200mg,Capsule,90,80,2252.0,28.15,0.31,"MSD Midrand, J'burg, SA",No,Weight Captured Separately,Freight Included in Commodity Cost,3.6
64995,133-NG-T30,FPQ-12812,SCMS-210350,ASN-22879,Nigeria,PMO - US,Direct Drop,EXW,Air,8/13/2013,11/1/2013,23-Dec-13,10-Dec-13,16-Dec-13,HRDT,HIV test,"Orgenics, Ltd","HIV 1/2, Determine Complete HIV Kit, 100 Tests","HIV 1/2, Determine Complete HIV Kit",Determine,,Test kit,100,9330,830370.0,89.0,0.89,"Alere Medical Co., Ltd.",Yes,3787,61637.1,1027.17
4025,104-CI-T01,Pre-PQ Process,SCMS-785,ASN-652,Côte d'Ivoire,PMO - US,Direct Drop,CIP,Air,Pre-PQ Process,7/11/2007,27-Aug-07,27-Aug-07,27-Aug-07,ARV,Adult,BRISTOL-MYERS SQUIBB,"Stavudine 20mg [Zerit], capsules, 60 Caps",Stavudine,Zerit,20mg,Capsule,60,1161,6548.04,5.64,0.09,"BMS Meymac, France",Yes,Weight Captured Separately,Freight Included in Commodity Cost,10.48
83738,111-MZ-T30,FPQ-12416,SO-45893,DN-3428,Mozambique,PMO - US,From RDC,N/A - From RDC,Truck,6/28/2013,N/A - From RDC,29-Nov-13,30-Jan-14,17-Feb-14,ARV,Adult,SCMS from RDC,"Lopinavir/Ritonavir 200/50mg [Aluvia], tablets, 120 Tabs",Lopinavir/Ritonavir,Aluvia,200/50mg,Tablet,120,12960,262051.2,20.22,0.17,ABBVIE Ludwigshafen Germany,No,See DN-3428 (ID#:83186),See DN-3428 (ID#:83186),324.16
83720,103-DO-T30,FPQ-11920,SO-46130,DN-3349,Dominican Republic,PMO - US,From RDC,N/A - From RDC,Air,3/18/2013,N/A - From RDC,29-Oct-13,16-Oct-13,29-Oct-13,ARV,Adult,SCMS from RDC,"Lamivudine/Tenofovir Disoproxil Fumarate 300/300mg, tablets, 30 Tabs",Lamivudine/Tenofovir Disoproxil Fumarate,Generic,300/300mg,Tablet - FDC,30,48,225.6,4.7,0.16,Mylan (formerly Matrix) Nashik,Yes,29,594.4,0.28
6544,108-VN-T01,Pre-PQ Process,SCMS-46490,ASN-4179,Vietnam,PMO - US,Direct Drop,CIP,Air,Pre-PQ Process,5/25/2009,22-Jun-09,22-Jun-09,22-Jun-09,ARV,Pediatric,BRISTOL-MYERS SQUIBB,"Didanosine 25mg [Videx], chewable tablets, 60 Tabs",Didanosine,Videx,25mg,Chewable/dispersible tablet,60,120,840.0,7.0,0.12,"BMS Meymac, France",Yes,Weight Captured Separately,Freight Included in Commodity Cost,1.65
65111,105-GY-T30,FPQ-13072,SCMS-211570,ASN-22978,Guyana,PMO - US,Direct Drop,FCA,Air,10/11/2013,10/30/2013,3-Mar-14,3-Mar-14,7-Mar-14,ARV,Pediatric,ABBVIE LOGISTICS (FORMERLY ABBOTT LOGISTICS BV),"Lopinavir/Ritonavir 80/20mg/ml [Kaletra], oral solution, cool, Bottle 5 x 60 ml",Lopinavir/Ritonavir,Kaletra,80/20mg/ml,Oral solution,300,23,1398.86,60.82,0.2,ABBVIE (Abbott) Logis. UK,Yes,53,926.13,1.44
7675,104-CI-T01,Pre-PQ Process,SCMS-39420,ASN-3632,Côte d'Ivoire,PMO - US,Direct Drop,EXW,Air,Pre-PQ Process,2/24/2009,24-Mar-09,24-Mar-09,24-Mar-09,HRDT,HIV test,"Orgenics, Ltd","HIV 1/2, Determine HIV Kit, without Lancets, 100 Tests","HIV 1/2, Determine HIV Kit, without Lancets",Determine,,Test kit,100,2000,140000.0,70.0,0.7,Inverness Japan,Yes,453,8603.58,274.4
85135,151-NG-T30,FPQ-5023,SO-36439,DN-1958,Nigeria,PMO - US,From RDC,N/A - From RDC,Air Charter,2/10/2010,N/A - From RDC,16-Aug-10,17-Aug-10,17-Aug-10,ARV,Adult,SCMS from RDC,"Lamivudine/Nevirapine/Zidovudine 150/200/300mg, tablets, 60 Tabs",Lamivudine/Nevirapine/Zidovudine,Generic,150/300/200mg,Tablet - FDC,60,5000,56100.0,11.22,0.19,"Aurobindo Unit III, India",Yes,659,6147.18,120.95
86719,111-MZ-T30,FPQ-13394,SO-47462,DN-3866,Mozambique,PMO - US,From RDC,N/A - From RDC,Truck,12/9/2013,N/A - From RDC,29-Aug-14,27-Oct-14,7-Nov-14,ARV,Adult,SCMS from RDC,"Lamivudine/Nevirapine/Zidovudine 150/200/300mg, tablets, 60 Tabs",Lamivudine/Nevirapine/Zidovudine,Generic,150/300/200mg,Tablet - FDC,60,103410,838655.1,8.11,0.14,"Aurobindo Unit III, India",No,See DN-3866 (ID#:85519),See DN-3866 (ID#:85519),862.14
11957,104-CI-T01,Pre-PQ Process,SO-27010,DN-1157,Côte d'Ivoire,PMO - US,From RDC,N/A - From RDC,Air,Pre-PQ Process,N/A - From RDC,20-Mar-09,20-Mar-09,20-Mar-09,ARV,Adult,SCMS from RDC,"Lopinavir/Ritonavir 200/50mg [Aluvia], tablets, 120 Tabs",Lopinavir/Ritonavir,Aluvia,200/50mg,Tablet,120,1764,72500.4,41.1,0.34,ABBVIE Ludwigshafen Germany,Yes,Weight Captured Separately,Invoiced Separately,142.1
1889,107-RW-T01,Pre-PQ Process,SCMS-25520,ASN-2080,Rwanda,PMO - US,Direct Drop,CIP,Air,Pre-PQ Process,6/13/2008,23-Jul-08,23-Jul-08,23-Jul-08,ARV,Adult,Aurobindo Pharma Limited,"Lamivudine/Nevirapine/Zidovudine 150/200/300mg, tablets, 60 Tabs",Lamivudine/Nevirapine/Zidovudine,Generic,150/300/200mg,Tablet - FDC,60,61021,725539.69,11.89,0.2,"Aurobindo Unit III, India",Yes,6768,38120.96,1160.86
82546,114-UG-T30,FPQ-10946,SO-43640,DN-3025,Uganda,PMO - US,From RDC,N/A - From RDC,Air,11/1/2012,N/A - From RDC,4-Apr-13,7-Mar-13,7-Mar-13,ARV,Adult,SCMS from RDC,"Nevirapine 200mg, tablets, 60 Tabs",Nevirapine,Generic,200mg,Tablet,60,32298,72993.48,2.26,0.04,"Aurobindo Unit III, India",Yes,6528,21806.84,90.29
86630,105-GY-T30,FPQ-12619,SO-46100,DN-3409,Guyana,PMO - US,From RDC,N/A - From RDC,Air,7/16/2013,N/A - From RDC,31-Dec-13,30-Nov-13,23-Dec-13,ARV,Pediatric,SCMS from RDC,"Lamivudine 10mg/ml, oral solution w/syringe, Bottle, 240 ml",Lamivudine,Generic,10mg/ml,Oral solution,240,135,195.75,1.45,0.01,"Aurobindo Unit III, India",No,See DN-3409 (ID#:84306),See DN-3409 (ID#:84306),0.24
48842,116-ZA-T30,FPQ-12522,SCMS-199288,ASN-27197,South Africa,PMO - US,Direct Drop,DDP,Truck,7/11/2013,7/10/2014,10-Jul-14,10-Jul-14,10-Jul-14,ARV,Pediatric,S. BUYS WHOLESALER,"Lopinavir/Ritonavir 80/20mg/ml [Kaletra], oral solution, cool, Bottle 5 x 60 ml",Lopinavir/Ritonavir,Kaletra,80/20mg/ml,Oral solution,300,4,93.81,23.45,0.08,ABBVIE (Abbott) Logis. UK,Yes,Weight Captured Separately,Freight Included in Commodity Cost,0.12
83064,151-NG-T30,FPQ-9432,SO-42930,DN-2791,Nigeria,PMO - US,From RDC,N/A - From RDC,Air Charter,3/1/2012,N/A - From RDC,20-Aug-12,14-Aug-12,14-Aug-12,ARV,Adult,SCMS from RDC,"Lamivudine/Zidovudine 150/300mg, tablets, 60 Tabs",Lamivudine/Zidovudine,Generic,150/300mg,Tablet - FDC,60,1048,8384.0,8.0,0.13,"Cipla, Goa, India",Yes,4809,18461.23,11.75
12569,114-UG-T01,Pre-PQ Process,SO-26180,DN-1197,Uganda,PMO - US,From RDC,N/A - From RDC,Air,Pre-PQ Process,N/A - From RDC,24-Apr-09,24-Apr-09,24-Apr-09,ARV,Adult,SCMS from RDC,"Lopinavir/Ritonavir 200/50mg [Aluvia], tablets, 120 Tabs",Lopinavir/Ritonavir,Aluvia,200/50mg,Tablet,120,80,3288.0,41.1,0.34,ABBVIE Ludwigshafen Germany,Yes,19,1381.64,6.44
14178,109-TZ-T30,FPQ-7909,SCMS-114990,ASN-12248,Tanzania,PMO - US,Direct Drop,EXW,Air,6/24/2011,7/18/2011,29-Sep-11,29-Oct-11,29-Oct-11,HRDT,HIV test,"Standard Diagnostics, Inc.","HIV 1/2, Bioline 3.0 Kit, Lancets, Capillary pipets, Alcohol swabs included, 25 Tests","HIV 1/2, Bioline 3.0 Kit, Lancets, Capillary pipets, Alcohol swabs included",Bioline,,Test kit,25,10000,200000.0,20.0,0.8,"Standard Diagnostics, Korea",Yes,3334,21952.35,330.0
7741,116-ZA-T01,Pre-PQ Process,SCMS-41440,ASN-4180,South Africa,PMO - US,Direct Drop,DDP,Truck,Pre-PQ Process,3/18/2009,14-Apr-09,14-Apr-09,14-Apr-09,ARV,Pediatric,S. BUYS WHOLESALER,"Lopinavir/Ritonavir 80/20mg/ml [Kaletra], oral solution, cool, Bottle 5 x 60 ml",Lopinavir/Ritonavir,Kaletra,80/20mg/ml,Oral solution,300,440,15831.2,35.98,0.12,ABBVIE (Abbott) Logis. UK,Yes,Weight Captured Separately,Freight Included in Commodity Cost,31.03
56125,901-CM-T30,FPQ-12837,SCMS-204290,ASN-23425,Cameroon,PMO - US,Direct Drop,EXW,Air,8/19/2013,8/23/2013,8-Jan-14,8-Jan-14,10-Jan-14,ARV,Adult,Aurobindo Pharma Limited,"Efavirenz/Lamivudine/Tenofovir Disoproxil Fumarate 600/300/300mg, tablets, 30 Tabs",Efavirenz/Lamivudine/Tenofovir Disoproxil Fumarate,Generic,600/300/300mg,Tablet - FDC,30,37732,420711.8,11.15,0.37,"Aurobindo Unit VII, IN",Yes,4962,63818.03,520.42
85279,114-UG-T30,FPQ-9355,SO-41593,DN-2744,Uganda,PMO - US,From RDC,N/A - From RDC,Truck,2/20/2012,N/A - From RDC,5-Sep-12,26-Jul-12,26-Jul-12,ARV,Adult,SCMS from RDC,"Lamivudine 150mg, tablets, 60 Tabs",Lamivudine,Generic,150mg,Tablet,60,834,1851.48,2.22,0.04,Macleods Daman Plant INDIA,No,See DN-2744 (ID#:82490),See DN-2744 (ID#:82490),2.6
83568,104-CI-T30,FPQ-8295,SO-40760,DN-2533,Côte d'Ivoire,PMO - US,From RDC,N/A - From RDC,Truck,8/25/2011,N/A - From RDC,1-Mar-12,1-Mar-12,1-Mar-12,ARV,Pediatric,SCMS from RDC,"Nevirapine 10mg/ml, oral suspension w/syringe, Bottle, 240 ml",Nevirapine,Generic,10mg/ml,Oral suspension,240,4448,8673.6,1.95,0.01,"Aurobindo Unit III, India",Yes,1663,1102.3,14.31
29968,107-RW-T30,FPQ-6417,SCMS-86430,ASN-8406,Rwanda,PMO - US,Direct Drop,EXW,Air,9/20/2010,9/21/2010,20-Oct-10,20-Oct-10,20-Oct-10,HRDT,HIV test,"Standard Diagnostics, Inc.","HIV 1/2, Bioline 3.0 Kit, (no accessories), 30 Tests","HIV 1/2, Bioline 3.0 Kit (no accessories)",Bioline,,Test kit,30,1700,40800.0,24.0,0.8,"Standard Diagnostics, Korea",Yes,604,8823.41,87.96
84890,109-TZ-T30,FPQ-13042,SO-46671,DN-3533,Tanzania,PMO - US,From RDC,N/A - From RDC,Truck,10/1/2013,N/A - From RDC,14-Feb-14,21-Feb-14,7-Mar-14,ARV,Adult,SCMS from RDC,"Abacavir 300mg, tablets, 60 Tabs",Abacavir,Generic,300mg,Tablet,60,16357,185815.52,11.36,0.19,"Aurobindo Unit III, India",Yes,1635,6007.2,229.85
1070,116-ZA-T01,Pre-PQ Process,SCMS-41140,ASN-3752,South Africa,PMO - US,Direct Drop,DDP,Air,Pre-PQ Process,Date Not Captured,31-Mar-09,21-Nov-08,21-Nov-08,ARV,Adult,S. BUYS WHOLESALER,"Stavudine 30mg, capsules, 60 Caps",Stavudine,Generic,30mg,Capsule,60,1200,3384.0,2.82,0.05,"Aurobindo Unit III, India",Yes,Weight Captured Separately,Freight Included in Commodity Cost,6.63
960,108-VN-T01,Pre-PQ Process,SCMS-37170,ASN-3562,Vietnam,PMO - US,Direct Drop,EXW,Air,Pre-PQ Process,1/16/2009,10-Apr-09,10-Apr-09,10-Apr-09,ARV,Adult,Aurobindo Pharma Limited,"Lamivudine/Zidovudine 150/300mg, tablets, 60 Tabs",Lamivudine/Zidovudine,Generic,150/300mg,Tablet - FDC,60,5964,51350.04,8.61,0.14,"Aurobindo Unit III, India",Yes,3509,12835.2,100.65
12669,104-CI-T01,Pre-PQ Process,SO-410,DN-219,Côte d'Ivoire,PMO - US,From RDC,N/A - From RDC,,Pre-PQ Process,N/A - From RDC,10-Jul-07,10-Jul-07,10-Jul-07,HRDT,HIV test - Ancillary,SCMS from RDC,"HIV, Pepti-LAV 1|2 (HIV-1|2 Ab differenciation, Immuno-Blot)","HIV, Pepti-LAV 1|2 (HIV-1|2 Ab differenciation, Immuno-Blot)",Pepti-LAV,,Test kit - Ancillary,1,2,477.3,238.65,238.65,Bio-Rad Laboratories,Yes,6,1356,0.76
44448,161-ZA-T30,FPQ-7175,SCMS-104080,ASN-12035,South Africa,PMO - US,Direct Drop,DDP,Ocean,3/10/2011,3/28/2011,13-Dec-11,13-Dec-11,13-Dec-11,ARV,Adult,CIPLA LIMITED,"Nevirapine 200mg, tablets, 60 Tabs",Nevirapine,Generic,200mg,Tablet,60,104636,284609.92,2.72,0.05,"Cipla, Goa, India",Yes,11275,8527.46,469.61
962,108-VN-T01,Pre-PQ Process,SCMS-37180,ASN-3521,Vietnam,PMO - US,Direct Drop,EXW,Air,Pre-PQ Process,1/16/2009,23-Mar-09,23-Mar-09,23-Mar-09,ARV,Adult,CIPLA LIMITED,"Lamivudine/Nevirapine/Stavudine 150/200/30mg, tablets, 60 Tabs",Lamivudine/Nevirapine/Stavudine,Generic,150/200/30mg,Tablet - FDC,60,10560,72864.0,6.9,0.12,"Cipla, Goa, India",Yes,924,4225.93,142.81
85904,104-CI-T30,FPQ-9749,SO-42400,DN-2880,Côte d'Ivoire,PMO - US,From RDC,N/A - From RDC,Truck,4/19/2012,N/A - From RDC,30-Oct-12,24-Oct-12,24-Oct-12,ARV,Adult,SCMS from RDC,"Abacavir/Lamivudine 600/300mg, scored tablets, 30 Tabs",Abacavir/Lamivudine,Generic,600/300mg,Tablet - FDC,30,2880,64800.0,22.5,0.75,"Aurobindo Unit III, India",No,See DN-2880 (ID#:85310),See DN-2880 (ID#:85310),90.85
6884,106-HT-T01,Pre-PQ Process,SCMS-15590,ASN-1328,Haiti,PMO - US,Direct Drop,EXW,Air,Pre-PQ Process,2/4/2008,18-Feb-08,18-Feb-08,18-Feb-08,HRDT,HIV test,"Trinity Biotech, Plc","HIV 1/2, Capillus HIV Kit, 100 Tests","HIV 1/2, Capillus HIV Kit",Capillus,,Test kit,100,8,1112.0,139.0,1.39,"Trinity Biotech, Plc",Yes,6,3238.79,1.78
11897,119-NA-T01,Pre-PQ Process,SO-1929,DN-650,Namibia,PMO - US,From RDC,N/A - From RDC,Air,Pre-PQ Process,N/A - From RDC,17-Apr-08,17-Apr-08,17-Apr-08,HRDT,HIV test,SCMS from RDC,"HIV 1/2, Determine HIV Kit, without Lancets, 100 Tests","HIV 1/2, Determine HIV Kit, without Lancets",Determine,,Test kit,100,90,6479.1,71.99,0.72,Inverness Japan,Yes,21,1730.41,10.37
55568,116-ZA-T30,FPQ-13973,SCMS-238551,ASN-26882,South Africa,PMO - US,Direct Drop,DDP,Truck,4/30/2014,6/25/2014,25-Jun-14,25-Jun-14,25-Jun-14,ARV,Adult,PHARMACY DIRECT,"Didanosine 400mg, delayed-release capsules, 30 Caps",Didanosine,Generic,400mg,Delayed-release capsules,30,8,157.41,19.68,0.66,"Aurobindo Unit III, India",No,Weight Captured Separately,Freight Included in Commodity Cost,0.16
10863,114-UG-T01,Pre-PQ Process,SO-895,DN-298,Uganda,PMO - US,From RDC,N/A - From RDC,Air,Pre-PQ Process,N/A - From RDC,27-Aug-07,27-Aug-07,27-Aug-07,ARV,Adult,SCMS from RDC,"Nevirapine 200mg, tablets, 60 Tabs",Nevirapine,Generic,200mg,Tablet,60,1859,6320.6,3.4,0.06,"Aurobindo Unit III, India",Yes,214,891,10.11
3852,108-VN-T01,Pre-PQ Process,SCMS-45070,ASN-4419,Vietnam,PMO - US,Direct Drop,EXW,Air,Pre-PQ Process,4/29/2009,10-Jul-09,10-Jul-09,10-Jul-09,ARV,Adult,Aurobindo Pharma Limited,"Lamivudine/Nevirapine/Zidovudine 150/200/300mg, tablets, 60 Tabs",Lamivudine/Nevirapine/Zidovudine,Generic,150/300/200mg,Tablet - FDC,60,3500,39025.0,11.15,0.19,"Aurobindo Unit III, India",No,See ASN-4419 (ID#:3851),See ASN-4419 (ID#:3851),76.49
85726,200-DO-T30,FPQ-6616,SO-38020,DN-2065,Dominican Republic,PMO - US,From RDC,N/A - From RDC,Air,10/25/2010,N/A - From RDC,31-Jan-11,8-Dec-10,8-Dec-10,ARV,Adult,SCMS from RDC,"Stavudine 30mg, capsules, 60 Caps",Stavudine,Generic,30mg,Capsule,60,1207,1689.8,1.4,0.02,"Aurobindo Unit III, India",No,See DN-2065 (ID#:82360),See DN-2065 (ID#:82360),2.79
71012,144-BW-T30,FPQ-4167,SCMS-54010,ASN-5830,Botswana,PMO - US,Direct Drop,EXW,Air,9/9/2009,9/29/2009,3-Mar-10,3-Mar-10,3-Mar-10,HRDT,HIV test,"Orgenics, Ltd","HIV 1/2, Determine HIV Kit, without Lancets, 100 Tests","HIV 1/2, Determine HIV Kit, without Lancets",Determine,,Test kit,100,8,560.0,70.0,0.7,Inverness Japan,Yes,3,690.02,1.1
86207,101-CD-T30,FPQ-16158,SO-51260,DN-4283,"Congo, DRC",PMO - US,From RDC,N/A - From RDC,Air,3/31/2015,N/A - From RDC,8-Jul-15,7-Aug-15,27-Aug-15,ARV,Adult,SCMS from RDC,"Efavirenz 600mg, tablets, 30 Tabs",Efavirenz,Generic,600mg,Tablet,30,9800,30576.0,3.12,0.1,"Strides, Bangalore, India.",No,See DN-4283 (ID#:83912),See DN-4283 (ID#:83912),35.99
83979,110-ZM-T30,FPQ-4273,SO-33690,DN-1643,Zambia,PMO - US,From RDC,N/A - From RDC,Truck,9/17/2009,N/A - From RDC,15-Mar-10,5-Mar-10,5-Mar-10,ARV,Adult,SCMS from RDC,"Lamivudine/Nevirapine/Stavudine 150/200/30mg, tablets, 60 Tabs",Lamivudine/Nevirapine/Stavudine,Generic,150/200/30mg,Tablet - FDC,60,1541,9970.27,6.47,0.11,"Strides, Bangalore, India.",No,See DN-1643 (ID#:82293),See DN-1643 (ID#:82293),19.54
85813,101-CD-T30,FPQ-8840,SO-41130,DN-2492,"Congo, DRC",PMO - US,From RDC,N/A - From RDC,Air,11/21/2011,N/A - From RDC,16-Mar-12,14-Feb-12,14-Feb-12,ARV,Adult,SCMS from RDC,"Efavirenz 600mg, tablets, 30 Tabs",Efavirenz,Generic,600mg,Tablet,30,4,16.48,4.12,0.14,"Strides, Bangalore, India.",No,See DN-2492 (ID#:82999),See DN-2492 (ID#:82999),0.02
85206,104-CI-T30,FPQ-7659,SO-40100,DN-2406,Côte d'Ivoire,PMO - US,From RDC,N/A - From RDC,Air,5/3/2011,N/A - From RDC,22-Nov-11,31-Oct-11,31-Oct-11,ARV,Adult,SCMS from RDC,"Abacavir 300mg, tablets, 60 Tabs",Abacavir,Generic,300mg,Tablet,60,8640,129945.6,15.04,0.25,Mylan (formerly Matrix) Nashik,Yes,777,3274.41,214.41
66522,116-ZA-T30,FPQ-4054,SCMS-51250,ASN-5056,South Africa,PMO - US,Direct Drop,DDP,Truck,7/29/2009,8/7/2009,24-Aug-09,24-Aug-09,24-Aug-09,ARV,Adult,S. BUYS WHOLESALER,"Nevirapine 200mg [Viramune], tablets, 60 Tabs",Nevirapine,Viramune,200mg,Tablet,60,100,2156.36,21.56,0.36,"Boehringer Ing., Koropi, GR",No,Weight Captured Separately,Freight Included in Commodity Cost,4.23
85891,104-CI-T30,FPQ-9749,SO-42381,DN-2813,Côte d'Ivoire,PMO - US,From RDC,N/A - From RDC,Truck,4/19/2012,N/A - From RDC,29-Oct-12,27-Aug-12,27-Aug-12,ARV,Adult,SCMS from RDC,"Efavirenz/Lamivudine/Tenofovir Disoproxil Fumarate 600/300/300mg, tablets, 30 Tabs",Efavirenz/Lamivudine/Tenofovir Disoproxil Fumarate,Generic,600/300/300mg,Tablet - FDC,30,38160,506383.2,13.27,0.44,Mylan (formerly Matrix) Nashik,No,See DN-2813 (ID#:82501),See DN-2813 (ID#:82501),709.95
11821,107-RW-T01,Pre-PQ Process,SO-1448,DN-500,Rwanda,PMO - US,From RDC,N/A - From RDC,Air,Pre-PQ Process,N/A - From RDC,5-Dec-07,5-Dec-07,5-Dec-07,HRDT,HIV test - Ancillary,SCMS from RDC,"HIV, Lancet, Safety, for HIV Test kits, 100 Pcs","HIV, Lancet, Safety, for HIV Test kits, 100 Pcs",Generic,,Test kit - Ancillary,100,405,4.05,0.01,0.0,Inverness Japan,No,See DN-500 (ID#:11213),See DN-500 (ID#:11213),0.01
83555,101-CD-T30,FPQ-8840,SO-41133,DN-2495,"Congo, DRC",PMO - US,From RDC,N/A - From RDC,Air,11/21/2011,N/A - From RDC,16-Mar-12,14-Feb-12,14-Feb-12,ARV,Adult,SCMS from RDC,"Efavirenz 600mg, tablets, 30 Tabs",Efavirenz,Generic,600mg,Tablet,30,30,123.6,4.12,0.14,"Strides, Bangalore, India.",Yes,55,912.36,0.17
10536,111-MZ-T01,Pre-PQ Process,SO-321,DN-13,Mozambique,PMO - US,From RDC,N/A - From RDC,Air,Pre-PQ Process,N/A - From RDC,8-Jan-07,8-Jan-07,8-Jan-07,ARV,Pediatric,SCMS from RDC,"Efavirenz 50mg [Stocrin/Sustiva], capsule, 30 Caps",Efavirenz,Stocrin/Sustiva,50mg,Capsule,30,341,1166.22,3.42,0.11,"MSD Manati, Puerto Rico, (USA)",No,See DN-13 (ID#:10535),See DN-13 (ID#:10535),
61286,133-NG-T30,FPQ-12456,SCMS-196561,ASN-22354,Nigeria,PMO - US,Direct Drop,EXW,Air,6/10/2013,7/10/2013,7-Nov-13,13-Nov-13,17-Nov-13,HRDT,HIV test,"Orgenics, Ltd","HIV 1/2, Determine Complete HIV Kit, 100 Tests","HIV 1/2, Determine Complete HIV Kit",Determine,,Test kit,100,3076,273764.0,89.0,0.89,"Alere Medical Co., Ltd.",Yes,1249,21084.84,338.65
84454,110-ZM-T30,FPQ-14575,SO-49280,DN-4154,Zambia,PMO - US,From RDC,N/A - From RDC,Truck,7/11/2014,N/A - From RDC,27-Feb-15,25-Mar-15,26-Mar-15,ARV,Adult,SCMS from RDC,"Lamivudine/Zidovudine 150/300mg, tablets, 60 Tabs",Lamivudine/Zidovudine,Generic,150/300mg,Tablet - FDC,60,54000,352080.0,6.52,0.11,"Hetero, Jadcherla, unit 5, IN",Yes,28276,46157.86,361.94
85037,151-NG-T30,FPQ-14989,SO-51428,DN-4291,Nigeria,PMO - US,From RDC,N/A - From RDC,Air Charter,9/19/2014,N/A - From RDC,30-Jun-15,2-Jun-15,17-Jun-15,ARV,Adult,SCMS from RDC,"Efavirenz/Lamivudine/Tenofovir Disoproxil Fumarate 600/300/300mg, tablets, 30 Tabs",Efavirenz/Lamivudine/Tenofovir Disoproxil Fumarate,Generic,600/300/300mg,Tablet - FDC,30,170780,1639488.0,9.6,0.32,Mylan (formerly Matrix) Nashik,No,See DN-4291 (ID#:85036),See DN-4291 (ID#:85036),1685.39
84574,151-NG-T30,FPQ-5023,SO-36446,DN-1904,Nigeria,PMO - US,From RDC,N/A - From RDC,Air,2/10/2010,N/A - From RDC,15-Jul-10,28-Jun-10,28-Jun-10,ARV,Adult,SCMS from RDC,"Efavirenz 600mg, tablets, 30 Tabs",Efavirenz,Generic,600mg,Tablet,30,200,920.0,4.6,0.15,"Aurobindo Unit III, India",Yes,17,Freight Included in Commodity Cost,1.98
12246,112-NG-T01,Pre-PQ Process,SO-2728,DN-917,Nigeria,PMO - US,From RDC,N/A - From RDC,Air,Pre-PQ Process,N/A - From RDC,24-Sep-08,24-Sep-08,24-Sep-08,ARV,Adult,SCMS from RDC,"Stavudine 30mg, capsules, 60 Caps",Stavudine,Generic,30mg,Capsule,60,903,1399.65,1.55,0.03,"Aurobindo Unit III, India",No,See DN-917 (ID#:10745),See DN-917 (ID#:10745),2.24
11620,112-NG-T01,Pre-PQ Process,SO-20960,DN-1124,Nigeria,PMO - US,From RDC,N/A - From RDC,Air Charter,Pre-PQ Process,N/A - From RDC,19-Mar-09,19-Mar-09,19-Mar-09,ARV,Adult,SCMS from RDC,"Lamivudine/Nevirapine/Stavudine 150/200/30mg, tablets, 60 Tabs",Lamivudine/Nevirapine/Stavudine,Generic,150/200/30mg,Tablet - FDC,60,11608,82648.96,7.12,0.12,"Cipla, Goa, India",Yes,1871,11492.86,161.99
82883,151-NG-T30,FPQ-4537,SO-36005,DN-1823,Nigeria,PMO - US,From RDC,N/A - From RDC,Air Charter,11/6/2009,N/A - From RDC,31-May-10,18-May-10,18-May-10,ARV,Adult,SCMS from RDC,"Lamivudine/Zidovudine 150/300mg, tablets, 60 Tabs",Lamivudine/Zidovudine,Generic,150/300mg,Tablet - FDC,60,1227,10748.52,8.76,0.15,Hetero Unit III Hyderabad IN,Yes,107,9736.1,23.17
83335,114-UG-T30,FPQ-15294,SO-50054,DN-4265,Uganda,PMO - US,From RDC,N/A - From RDC,Truck,11/3/2014,N/A - From RDC,15-Jun-15,4-Jun-15,15-Jun-15,ARV,Adult,SCMS from RDC,"Lamivudine/Tenofovir Disoproxil Fumarate 300/300mg, tablets, 30 Tabs",Lamivudine/Tenofovir Disoproxil Fumarate,Generic,300/300mg,Tablet - FDC,30,41258,190611.96,4.62,0.15,Hetero Unit III Hyderabad IN,Yes,4964,6126.12,224.35
72193,161-ZA-T30,FPQ-5648,SCMS-75750,ASN-9177,South Africa,PMO - US,Direct Drop,DDP,Ocean,6/2/2010,6/17/2010,1-Feb-11,1-Feb-11,1-Feb-11,ARV,Adult,Aurobindo Pharma Limited,"Efavirenz 600mg, tablets, 30 Tabs",Efavirenz,Generic,600mg,Tablet,30,64260,289812.6,4.51,0.15,"Aurobindo Unit III, India",Yes,5623,630.5,624.84
11136,112-NG-T01,Pre-PQ Process,SO-563,DN-209,Nigeria,PMO - US,From RDC,N/A - From RDC,,Pre-PQ Process,N/A - From RDC,3-Jul-07,3-Jul-07,3-Jul-07,ARV,Adult,SCMS from RDC,"Lamivudine/Nevirapine/Stavudine 150/200/30mg, tablets, 60 Tabs",Lamivudine/Nevirapine/Stavudine,Generic,150/200/30mg,Tablet - FDC,60,1319,9892.5,7.5,0.12,"Cipla, Goa, India",Yes,1656,8331.36,15.83
86078,107-RW-T30,FPQ-12766,SO-46500,DN-3658,Rwanda,PMO - US,From RDC,N/A - From RDC,Truck,8/2/2013,N/A - From RDC,5-May-14,6-Jun-14,20-Jun-14,ARV,Adult,SCMS from RDC,"Lamivudine/Tenofovir Disoproxil Fumarate 300/300mg, tablets, 30 Tabs",Lamivudine/Tenofovir Disoproxil Fumarate,Generic,300/300mg,Tablet - FDC,30,97619,452952.16,4.64,0.15,"Cipla, Kurkumbh, India",Yes,9905,5445.73,560.3
84289,114-UG-T30,FPQ-12255,SO-45580,DN-3333,Uganda,PMO - US,From RDC,N/A - From RDC,Air,5/8/2013,N/A - From RDC,30-Sep-13,29-Oct-13,19-Nov-13,ARV,Adult,SCMS from RDC,"Lopinavir/Ritonavir 200/50mg [Aluvia], tablets, 120 Tabs",Lopinavir/Ritonavir,Aluvia,200/50mg,Tablet,120,13040,263668.8,20.22,0.17,ABBVIE Ludwigshafen Germany,Yes,2638,13508.98,326.16
3674,107-RW-T01,Pre-PQ Process,SCMS-38690,ASN-3633,Rwanda,PMO - US,Direct Drop,EXW,Air,Pre-PQ Process,2/18/2009,1-Apr-09,1-Apr-09,1-Apr-09,HRDT,HIV test,"Orgenics, Ltd","HIV 1/2, Determine HIV Kit, without Lancets, 100 Tests","HIV 1/2, Determine HIV Kit, without Lancets",Determine,,Test kit,100,386,27020.0,70.0,0.7,Inverness Japan,Yes,88,3936.25,52.96
11586,119-NA-T01,Pre-PQ Process,SO-15510,DN-953,Namibia,PMO - US,From RDC,N/A - From RDC,Truck,Pre-PQ Process,N/A - From RDC,30-Oct-08,30-Oct-08,30-Oct-08,ARV,Pediatric,SCMS from RDC,"Lamivudine/Nevirapine/Stavudine 60/100/12mg, dispersible tablets, 60 Tabs",Lamivudine/Nevirapine/Stavudine,Generic,60/100/12mg,Chewable/dispersible tablet - FDC,60,3600,16344.0,4.54,0.08,"Cipla, Goa, India",No,See DN-953 (ID#:11585),See DN-953 (ID#:11585),32.03
17219,152-HT-T30,FPQ-7458,SCMS-106770,ASN-11664,Haiti,PMO - US,Direct Drop,DDU,Air,3/29/2011,4/28/2011,25-Jul-11,25-Jul-11,25-Jul-11,HRDT,HIV test,REINBOLD EXPORT IMPORT,"HIV 1/2, Determine Complete HIV Kit, 100 Tests","HIV 1/2, Determine Complete HIV Kit",Determine,,Test kit,100,27,3375.0,125.0,1.25,Inverness Japan,Yes,Weight Captured Separately,Freight Included in Commodity Cost,5.57
7176,107-RW-T01,Pre-PQ Process,SCMS-25080,ASN-2396,Rwanda,PMO - US,Direct Drop,EXW,Air,Pre-PQ Process,6/12/2008,18-Oct-08,18-Oct-08,18-Oct-08,HRDT,HIV test,"Trinity Biotech, Plc","HIV 1/2, Uni-Gold HIV Kit, 20 Tests","HIV 1/2, Uni-Gold HIV Kit",Uni-Gold,,Test kit,20,3400,108800.0,32.0,1.6,"Trinity Biotech, Plc",Yes,1131,22370.64,174.08
68494,108-VN-T30,FPQ-4265,SCMS-56330,ASN-6062,Vietnam,PMO - US,Direct Drop,EXW,Air,10/20/2009,11/3/2009,13-Mar-10,13-Mar-10,13-Mar-10,ARV,Adult,MYLAN LABORATORIES LTD (FORMERLY MATRIX LABORATORIES),"Efavirenz 600mg, tablets, 30 Tabs",Efavirenz,Generic,600mg,Tablet,30,19152,124488.0,6.5,0.22,Mylan (formerly Matrix) Nashik,Yes,1503,11884.14,244.0
20908,116-ZA-T30,FPQ-12522,SCMS-199289,ASN-28036,South Africa,PMO - US,Direct Drop,DDP,Truck,7/11/2013,8/29/2014,29-Aug-14,29-Aug-14,29-Aug-14,ARV,Pediatric,S. BUYS WHOLESALER,"Lamivudine 10mg/ml, oral solution w/syringe, Bottle, 240 ml",Lamivudine,Generic,10mg/ml,Oral solution,240,43,339.26,7.89,0.03,"Aurobindo Unit III, India",No,Weight Captured Separately,Freight Included in Commodity Cost,0.42
81769,116-ZA-T30,FPQ-12522,SCMS-199289,ASN-28036,South Africa,PMO - US,Direct Drop,DDP,Truck,7/11/2013,8/29/2014,29-Aug-14,29-Aug-14,29-Aug-14,ARV,Adult,S. BUYS WHOLESALER,"Emtricitabine/Tenofovir Disoproxil Fumarate 200/300mg, tablets, 30 Tabs",Emtricitabine/Tenofovir Disoproxil Fumarate,Generic,200/300mg,Tablet - FDC,30,302,10065.28,33.33,1.11,"Aurobindo Unit III, India",No,Weight Captured Separately,Freight Included in Commodity Cost,12.45
54243,901-NA-T30,FPQ-14728,SCMS-252620,ASN-27961,Namibia,PMO - US,Direct Drop,EXW,Air,7/30/2014,8/19/2014,29-Sep-14,29-Sep-14,30-Sep-14,ARV,Adult,MYLAN LABORATORIES LTD (FORMERLY MATRIX LABORATORIES),"Efavirenz/Emtricitabine/Tenofovir Disoproxil Fumarate 600/200/300mg, tablets, 30 Tabs",Efavirenz/Emtricitabine/Tenofovir Disoproxil Fumarate,Generic,600/200/300mg,Tablet - FDC,30,36000,378000.0,10.5,0.35,"Mylan,  H-12 & H-13, India",Yes,4171,20371.77,388.58
27236,106-HT-T30,FPQ-11443,SCMS-180960,ASN-20434,Haiti,PMO - US,Direct Drop,EXW,Air,2/7/2013,3/22/2013,14-Aug-13,14-Aug-13,14-Aug-13,ARV,Adult,MICRO LABS LIMITED,"Lamivudine 150mg, tablets, 60 Tabs",Lamivudine,Generic,150mg,Tablet,60,1260,2318.4,1.84,0.03,"Micro labs, Verna, Goa, India",No,See ASN-20434 (ID#:13874),See ASN-20434 (ID#:13874),2.87
62990,108-VN-T30,FPQ-10811,SCMS-166120,ASN-17672,Vietnam,PMO - US,Direct Drop,EXW,Air,10/15/2012,11/9/2012,29-Jan-13,29-Jan-13,29-Jan-13,ARV,Pediatric,Aurobindo Pharma Limited,"Zidovudine 10mg/ml, oral solution w/syringe, Bottle, 240 ml",Zidovudine,Generic,10mg/ml,Oral solution,240,691,1451.1,2.1,0.01,"Aurobindo Unit III, India",No,See ASN-17672 (ID#:15352),See ASN-17672 (ID#:15352),1.8
45327,901-NA-T30,FPQ-14728,SCMS-252630,ASN-29183,Namibia,PMO - US,Direct Drop,EXW,Air,7/30/2014,8/19/2014,25-Nov-14,25-Nov-14,26-Nov-14,ARV,Adult,MYLAN LABORATORIES LTD (FORMERLY MATRIX LABORATORIES),"Efavirenz/Emtricitabine/Tenofovir Disoproxil Fumarate 600/200/300mg, tablets, 30 Tabs",Efavirenz/Emtricitabine/Tenofovir Disoproxil Fumarate,Generic,600/200/300mg,Tablet - FDC,30,17640,185220.0,10.5,0.35,"Mylan,  H-12 & H-13, India",No,See ASN-29183 (ID#:31368),See ASN-29183 (ID#:31368),190.41
82496,151-NG-T30,FPQ-8952,SO-41260,DN-2774,Nigeria,PMO - US,From RDC,N/A - From RDC,Air Charter,12/8/2011,N/A - From RDC,31-Jul-12,24-Jul-12,24-Jul-12,ARV,Adult,SCMS from RDC,"Lamivudine 150mg, tablets, 60 Tabs",Lamivudine,Generic,150mg,Tablet,60,9980,23253.4,2.33,0.04,Hetero Unit III Hyderabad IN,Yes,642,16532.5,32.6
10709,104-CI-T01,Pre-PQ Process,SO-16180,DN-1001,Côte d'Ivoire,PMO - US,From RDC,N/A - From RDC,Air,Pre-PQ Process,N/A - From RDC,3-Dec-08,3-Dec-08,3-Dec-08,ARV,Pediatric,SCMS from RDC,"Zidovudine 10mg/ml, oral solution, Bottle, 240 ml",Zidovudine,Generic,10mg/ml,Oral solution,240,1200,2520.0,2.1,0.01,"Aurobindo Unit III, India",Yes,448,2605.77,4.94
41905,114-UG-T30,FPQ-15303,SCMS-264930,ASN-31155,Uganda,PMO - US,Direct Drop,EXW,Air,11/11/2014,11/25/2014,8-Apr-15,8-Apr-15,8-Apr-15,ARV,Pediatric,Aurobindo Pharma Limited,"Lopinavir/Ritonavir 100/25mg, tablets, 60 Tabs",Lopinavir/Ritonavir,Generic,100/25mg,Tablet,60,2335,18773.4,8.04,0.13,"Aurobindo Unit III, India",Yes,237,1488.99,22.1
56716,108-VN-T30,FPQ-15692,SCMS-274390,ASN-32265,Vietnam,PMO - US,Direct Drop,EXW,Air,1/28/2015,2/17/2015,10-Jul-15,10-Jul-15,10-Jul-15,ARV,Adult,HETERO LABS LIMITED,"Efavirenz/Lamivudine/Tenofovir Disoproxil Fumarate 600/300/300mg, tablets, 30 Tabs",Efavirenz/Lamivudine/Tenofovir Disoproxil Fumarate,Generic,600/300/300mg,Tablet - FDC,30,6816,68160.0,10.0,0.33,Hetero Unit III Hyderabad IN,Yes,2541,5489.55,80.22
1198,119-NA-T01,Pre-PQ Process,SCMS-46120,ASN-4659,Namibia,PMO - US,Direct Drop,EXW,Air,Pre-PQ Process,5/18/2009,1-Sep-09,1-Sep-09,1-Sep-09,HRDT,HIV test,"Orgenics, Ltd","HIV 1/2, Clearview Complete Kit, 25 Tests","HIV 1/2, Clearview Complete Kit",Clearview,,Test kit,25,67,5025.0,75.0,3.0,Chembio Diagnostics Sys. Inc.,Yes,48,401.97,9.85
12009,104-CI-T01,Pre-PQ Process,SO-33220,DN-1422,Côte d'Ivoire,PMO - US,From RDC,N/A - From RDC,Air,Date Not Captured,N/A - From RDC,16-Sep-09,16-Sep-09,16-Sep-09,ARV,Pediatric,SCMS from RDC,"Nevirapine 10mg/ml, oral suspension, Bottle, 240 ml",Nevirapine,Generic,10mg/ml,Oral suspension,240,6000,11520.0,1.92,0.01,"Aurobindo Unit III, India",No,See DN-1422 (ID#:11682),See DN-1422 (ID#:11682),22.58
12714,110-ZM-T01,Pre-PQ Process,SO-626,DN-329,Zambia,PMO - US,From RDC,N/A - From RDC,,Pre-PQ Process,N/A - From RDC,31-Aug-07,31-Aug-07,31-Aug-07,ARV,Adult,SCMS from RDC,"Lopinavir/Ritonavir 200/50mg [Aluvia], tablets, 120 Tabs",Lopinavir/Ritonavir,Aluvia,200/50mg,Tablet,120,4078,167605.8,41.1,0.34,ABBVIE Ludwigshafen Germany,Yes,885,4119.6,268.17
8616,106-HT-T01,Pre-PQ Process,SCMS-27880,ASN-2378,Haiti,PMO - US,Direct Drop,FCA,Air,Pre-PQ Process,8/5/2008,29-Sep-08,29-Sep-08,29-Sep-08,ARV,Pediatric,ABBVIE LOGISTICS (FORMERLY ABBOTT LOGISTICS BV),"Lopinavir/Ritonavir 100/25mg [Aluvia], tablets, 60 Tabs",Lopinavir/Ritonavir,Generic,100/25mg,Tablet,60,20,205.6,10.28,0.17,ABBVIE Ludwigshafen Germany,Yes,19,658.68,0.33
84283,110-ZM-T30,FPQ-11553,SO-44470,DN-3298,Zambia,PMO - US,From RDC,N/A - From RDC,Truck,1/28/2013,N/A - From RDC,22-Oct-13,22-Oct-13,11-Nov-13,ARV,Adult,SCMS from RDC,"Nevirapine 200mg, tablets, 60 Tabs",Nevirapine,Generic,200mg,Tablet,60,2997,6773.22,2.26,0.04,"Cipla, Goa, India",Yes,2764,4356.75,8.38
83959,110-ZM-T30,FPQ-4035,SO-34330,DN-1504,Zambia,PMO - US,From RDC,N/A - From RDC,Truck,8/5/2009,N/A - From RDC,15-Nov-09,13-Nov-09,13-Nov-09,ARV,Adult,SCMS from RDC,"Efavirenz 600mg, tablets, 30 Tabs",Efavirenz,Generic,600mg,Tablet,30,61059,352921.02,5.78,0.19,"Emcure Plot No.P-2, I.T-B.T. Park, Phase II, MIDC, Hinjwadi, Pune, India",Yes,4305,9935.88,691.73
4650,111-MZ-T01,Pre-PQ Process,SCMS-28730,ASN-2658,Mozambique,PMO - US,Direct Drop,EXW,Air,Pre-PQ Process,8/26/2008,1-Nov-08,1-Nov-08,1-Nov-08,HRDT,HIV test - Ancillary,"Orgenics, Ltd","HIV, Lancet, Safety, for HIV Test kits, 100 Pcs","HIV, Lancet, Safety, for HIV Test kits, 100 Pcs",Generic,,Test kit - Ancillary,100,7690,76.9,0.01,0.0,Inverness Japan,Yes,2278,23743.01,0.15
61959,114-UG-T30,FPQ-12477,SCMS-198690,ASN-21520,Uganda,PMO - US,Direct Drop,EXW,Air,7/8/2013,7/30/2013,14-Sep-13,14-Sep-13,14-Sep-13,ARV,Adult,STRIDES ARCOLAB LIMITED,"Efavirenz 600mg, tablets, 30 Tabs",Efavirenz,Generic,600mg,Tablet,30,111348,355200.12,3.19,0.11,"Strides, Bangalore, India.",Yes,6953,30711.92,439.38
85388,102-BI-T30,FPQ-12065,SO-45180,DN-3234,Burundi,PMO - US,From RDC,N/A - From RDC,Air,4/22/2013,N/A - From RDC,9-Jul-13,23-Aug-13,23-Aug-13,ARV,Pediatric,SCMS from RDC,"Lamivudine 10mg/ml, oral solution w/syringe, Bottle, 240 ml",Lamivudine,Generic,10mg/ml,Oral solution,240,927,1714.95,1.85,0.01,"Aurobindo Unit III, India",Yes,891,4674.58,2.12
24297,101-CD-T30,FPQ-14244,SCMS-240240,ASN-26540,"Congo, DRC",PMO - US,Direct Drop,EXW,Air,5/15/2014,5/23/2014,9-Oct-14,9-Oct-14,21-Oct-14,ANTM,Malaria,AMSTELFARMA B.V.,"Sulfadoxine/Pyrimethamine 500/25mg, tablets, 1000 Tabs",Sulfadoxine/Pyrimethamine,Generic,500/25mg,Tablet - FDC,1000,1070,25680.0,24.0,0.02,"Micro Labs, Hosur, India",Yes,902,5914,26.4
47677,108-VN-T30,FPQ-10811,SCMS-164520,ASN-18693,Vietnam,PMO - US,Direct Drop,FCA,Air,10/15/2012,11/7/2012,3-Apr-13,3-Apr-13,3-Apr-13,ARV,Adult,ABBVIE LOGISTICS (FORMERLY ABBOTT LOGISTICS BV),"Ritonavir 100mg [Norvir], film coated tablets, 30 Tabs",Ritonavir,Norvir,100mg,Tablet,30,187,4349.62,23.26,0.78,ABBVIE Ludwigshafen Germany,Yes,16,958.85,5.38
6962,111-MZ-T01,Pre-PQ Process,SCMS-18060,ASN-1650,Mozambique,PMO - US,Direct Drop,EXW,Air,Pre-PQ Process,2/25/2008,13-Jun-08,27-May-08,27-May-08,HRDT,HIV test,"Orgenics, Ltd","HIV 1/2, Determine HIV Kit, without Lancets, 100 Tests","HIV 1/2, Determine HIV Kit, without Lancets",Determine,,Test kit,100,4200,302358.0,71.99,0.72,Inverness Japan,Yes,965,7781.88,483.77
86469,107-RW-T30,FPQ-9637,SO-41810,DN-2628,Rwanda,PMO - US,From RDC,N/A - From RDC,Air,3/28/2012,N/A - From RDC,26-Apr-12,8-Apr-12,8-Apr-12,ARV,Adult,SCMS from RDC,"Efavirenz 600mg, tablets, 30 Tabs",Efavirenz,Generic,600mg,Tablet,30,26962,111083.44,4.12,0.14,"Strides, Bangalore, India.",Yes,1638,18446.92,155.74
83193,110-ZM-T30,FPQ-12066,SO-45070,DN-3448,Zambia,PMO - US,From RDC,N/A - From RDC,Truck,4/19/2013,N/A - From RDC,25-Mar-14,25-Mar-14,2-Apr-14,ARV,Pediatric,SCMS from RDC,"Lamivudine/Nevirapine/Zidovudine 30/50/60mg, dispersible tablets, 60 Tabs",Lamivudine/Nevirapine/Zidovudine,Generic,30/50/60mg,Chewable/dispersible tablet - FDC,60,37979,147738.31,3.89,0.06,"Strides, Bangalore, India.",Yes,1628,3526.69,182.75
36773,116-ZA-T30,FPQ-13214,SCMS-215410,ASN-23875,South Africa,PMO - US,Direct Drop,DDP,Truck,11/14/2013,12/2/2013,13-Jan-14,13-Jan-14,13-Jan-14,ARV,Pediatric,S. BUYS WHOLESALER,"Efavirenz 200mg, capsule, 90 Caps",Efavirenz,Generic,200mg,Capsule,90,12,264.95,22.08,0.25,"Aurobindo Unit III, India",No,Weight Captured Separately,Freight Included in Commodity Cost,0.27
19250,104-CI-T30,FPQ-4717,SCMS-59690,ASN-7107,Côte d'Ivoire,PMO - US,Direct Drop,CIP,Air,12/8/2009,12/14/2009,10-Jun-10,10-Jun-10,10-Jun-10,ARV,Pediatric,BRISTOL-MYERS SQUIBB,"Didanosine 50mg [Videx], chewable tablets, 60 Tabs",Didanosine,Videx,50mg,Chewable/dispersible tablet,60,4245,40327.5,9.5,0.16,"BMS Meymac, France",Yes,833,1134.5,86.95
84655,110-ZM-T30,FPQ-7233,SO-39920,DN-2255,Zambia,PMO - US,From RDC,N/A - From RDC,Truck,3/1/2011,N/A - From RDC,15-Jul-11,11-Jul-11,11-Jul-11,ARV,Pediatric,SCMS from RDC,"Nevirapine 10mg/ml, oral suspension, Bottle, 240 ml",Nevirapine,Generic,10mg/ml,Oral suspension,240,20000,36000.0,1.8,0.01,"Aurobindo Unit III, India",Yes,7482,6801.72,59.4
85169,102-UG-T30,FPQ-6202,SO-37930,DN-2082,Uganda,PMO - US,From RDC,N/A - From RDC,Truck,8/6/2010,N/A - From RDC,14-Jan-11,14-Jan-11,14-Jan-11,ARV,Adult,SCMS from RDC,"Lamivudine/Nevirapine/Zidovudine 150/200/300mg, tablets, 60 Tabs",Lamivudine/Nevirapine/Zidovudine,Generic,150/300/200mg,Tablet - FDC,60,9255,103841.1,11.22,0.19,"Aurobindo Unit III, India",Yes,1243,6120.6,223.88
67300,111-MZ-T30,FPQ-10369,SCMS-157230,ASN-16634,Mozambique,PMO - US,Direct Drop,EXW,Air,7/23/2012,8/22/2012,18-Oct-12,18-Oct-12,18-Oct-12,HRDT,HIV test,"Orgenics, Ltd","HIV 1/2, Determine Kit without Lancets, Buffer or Caplillary Tubes, 100 Tests","HIV 1/2, Determine Kit without Lancets, Buffer or Capillary Tubes, 100 Tests",Determine,,Test kit,100,215,15512.25,72.15,0.72,"Alere Medical Co., Ltd.",No,See ASN-16634 (ID#:46858),See ASN-16634 (ID#:46858),21.75
82697,100-ZM-T30,FPQ-13679,SO-48031,DN-3806,Zambia,PMO - US,From RDC,N/A - From RDC,Truck,2/2/2014,N/A - From RDC,31-Jul-14,25-Jul-14,31-Jul-14,ARV,Adult,SCMS from RDC,"Efavirenz/Lamivudine/Tenofovir Disoproxil Fumarate 600/300/300mg, tablets, 30 Tabs",Efavirenz/Lamivudine/Tenofovir Disoproxil Fumarate,Generic,600/300/300mg,Tablet - FDC,30,63696,686642.88,10.78,0.36,Hetero Unit III Hyderabad IN,Yes,8487,8054.68,705.87
12453,117-ET-T01,Pre-PQ Process,SO-1522,DN-519,Ethiopia,PMO - US,From RDC,N/A - From RDC,Air,Pre-PQ Process,N/A - From RDC,31-Jan-08,31-Jan-08,31-Jan-08,ARV,Adult,SCMS from RDC,"Efavirenz 600mg, tablets, 30 Tabs",Efavirenz,Generic,600mg,Tablet,30,67624,839890.08,12.42,0.41,"Aurobindo Unit III, India",Yes,5840,20222.4,1343.82
23381,100-ZW-T30,FPQ-6716,SCMS-95570,ASN-10269,Zimbabwe,PMO - US,Direct Drop,CIF,Air,12/10/2010,1/12/2011,10-May-11,10-May-11,10-May-11,HRDT,HIV test,BIOLYTICAL LABORATORIES INC.,"#109440**HIV 1/2, INSTI HIV Antibody Individual POC, 1 Test","HIV 1/2, INSTI HIV Antibody Individual POC, 1 Test",INSTi,,Test kit,1,7199,23396.75,3.25,3.25,bioLytical Laboratories,Yes,369,1014.5,38.6
84083,110-ZM-T30,FPQ-6482,SO-38960,DN-2183,Zambia,PMO - US,From RDC,N/A - From RDC,Truck,10/15/2010,N/A - From RDC,30-Apr-11,20-May-11,20-May-11,ARV,Adult,SCMS from RDC,"Lamivudine/Zidovudine 150/300mg, tablets, 60 Tabs",Lamivudine/Zidovudine,Generic,150/300mg,Tablet - FDC,60,120000,1026000.0,8.55,0.14,"Aurobindo Unit III, India",Yes,11057,12049.4,2212.06
78805,108-VN-T30,FPQ-6818,SCMS-98052,ASN-11312,Vietnam,PMO - US,Direct Drop,EXW,Air,1/17/2011,2/15/2011,27-Jul-11,27-Jul-11,27-Jul-11,ARV,Adult,MYLAN LABORATORIES LTD (FORMERLY MATRIX LABORATORIES),"Tenofovir Disoproxil Fumarate 300mg, tablets, 30 Tabs",Tenofovir Disoproxil Fumarate,Generic,300mg,Tablet,30,1612,10478.0,6.5,0.22,Mylan (formerly Matrix) Nashik,Yes,111,7457.19,17.29
84245,111-MZ-T30,FPQ-11882,SO-44820,DN-3109,Mozambique,PMO - US,From RDC,N/A - From RDC,Air,3/19/2013,N/A - From RDC,4-Jul-13,4-Jul-13,4-Jul-13,ARV,Adult,SCMS from RDC,"Tenofovir Disoproxil Fumarate 300mg, tablets, 30 Tabs",Tenofovir Disoproxil Fumarate,Generic,300mg,Tablet,30,1800,7272.0,4.04,0.13,Mylan (formerly Matrix) Nashik,Yes,108,832.5,9.0
11128,110-ZM-T01,Pre-PQ Process,SO-209,DN-205,Zambia,PMO - US,From RDC,N/A - From RDC,,Pre-PQ Process,N/A - From RDC,20-Jun-07,20-Jun-07,20-Jun-07,ARV,Adult,SCMS from RDC,"Lamivudine/Zidovudine 150/300mg, tablets, 60 Tabs",Lamivudine/Zidovudine,Generic,150/300mg,Tablet - FDC,60,66370,680292.5,10.25,0.17,"Aurobindo Unit III, India",Yes,6243,25729.7,1088.47
2559,108-VN-T01,Pre-PQ Process,SCMS-44980,ASN-4094,Vietnam,PMO - US,Direct Drop,EXW,Air,Pre-PQ Process,4/29/2009,8-Jun-09,8-Jun-09,8-Jun-09,ARV,Adult,Aurobindo Pharma Limited,"Didanosine 250mg, delayed-release capsules, 30 Caps",Didanosine,Generic,250mg,Delayed-release capsules,30,150,1950.0,13.0,0.43,"Aurobindo Unit III, India",Yes,30,4111.71,3.82
12637,107-RW-T01,Pre-PQ Process,SO-490,DN-110,Rwanda,PMO - US,From RDC,N/A - From RDC,Air,Pre-PQ Process,N/A - From RDC,19-Apr-07,19-Apr-07,19-Apr-07,ARV,Adult,SCMS from RDC,"Lamivudine/Zidovudine 150/300mg, tablets, 60 Tabs",Lamivudine/Zidovudine,Generic,150/300mg,Tablet - FDC,60,38463,383860.74,9.98,0.17,"Cipla, Goa, India",Yes,3450,20896.5,
82309,151-NG-T30,FPQ-4537,SO-34892,DN-1740,Nigeria,PMO - US,From RDC,N/A - From RDC,Air Charter,11/6/2009,N/A - From RDC,19-Apr-10,31-Mar-10,31-Mar-10,ARV,Adult,SCMS from RDC,"Nevirapine 200mg, tablets, 60 Tabs",Nevirapine,Generic,200mg,Tablet,60,18799,51321.27,2.73,0.05,Hetero Unit III Hyderabad IN,Yes,1098,Freight Included in Commodity Cost,110.65
85771,100-GH-T30,FPQ-7799,SO-39930,DN-2260,Ghana,PMO - US,From RDC,N/A - From RDC,Air,6/6/2011,N/A - From RDC,4-Jul-11,20-Jul-11,20-Jul-11,ARV,Adult,SCMS from RDC,"Nevirapine 200mg, tablets, 60 Tabs",Nevirapine,Generic,200mg,Tablet,60,25509,64027.59,2.51,0.04,Hetero Unit III Hyderabad IN,Yes,2216,226.25,105.65
86758,104-CI-T30,FPQ-14370,SO-49052,DN-4064,Côte d'Ivoire,PMO - US,From RDC,N/A - From RDC,Truck,5/23/2014,N/A - From RDC,16-Feb-15,19-Jan-15,27-Jan-15,ARV,Adult,SCMS from RDC,"Lamivudine/Nevirapine/Zidovudine 150/200/300mg, tablets, 60 Tabs",Lamivudine/Nevirapine/Zidovudine,Generic,150/300/200mg,Tablet - FDC,60,120000,926400.0,7.72,0.13,Hetero Unit III Hyderabad IN,No,See DN-4064 (ID#:82765),See DN-4064 (ID#:82765),952.34
84761,151-NG-T30,FPQ-9968,SO-42686,DN-2905,Nigeria,PMO - US,From RDC,N/A - From RDC,Air,5/23/2012,N/A - From RDC,6-Nov-12,6-Nov-12,6-Nov-12,ARV,Adult,SCMS from RDC,"Efavirenz 600mg, tablets, 30 Tabs",Efavirenz,Generic,600mg,Tablet,30,120954,440272.56,3.64,0.12,"Aurobindo Unit III, India",Yes,11369,15459.09,617.26
30573,900-CM-T30,FPQ-10654,SCMS-161730,ASN-17092,Cameroon,PMO - US,Direct Drop,EXW,Air,9/20/2012,10/5/2012,25-Dec-12,25-Dec-12,25-Dec-12,ARV,Adult,HETERO LABS LIMITED,"Lamivudine/Tenofovir Disoproxil Fumarate 300/300mg, tablets, 30 Tabs",Lamivudine/Tenofovir Disoproxil Fumarate,Generic,300/300mg,Tablet - FDC,30,38208,179959.68,4.71,0.16,Hetero Unit III Hyderabad IN,Yes,4289,30395.15,252.3
84007,106-HT-T30,FPQ-4384,SO-34640,DN-1842,Haiti,PMO - US,From RDC,N/A - From RDC,Air,10/23/2009,N/A - From RDC,2-Jun-10,9-Jun-10,9-Jun-10,ARV,Pediatric,SCMS from RDC,"Lamivudine 10mg/ml, oral solution, Bottle, 240 ml",Lamivudine,Generic,10mg/ml,Oral solution,240,3168,6336.0,2.0,0.01,"Cipla, Goa, India",Yes,1765,18473.1,13.66
10866,104-CI-T01,Pre-PQ Process,SO-959,DN-320,Côte d'Ivoire,PMO - US,From RDC,N/A - From RDC,,Pre-PQ Process,N/A - From RDC,30-Aug-07,30-Aug-07,30-Aug-07,ARV,Adult,SCMS from RDC,"Nevirapine 200mg, tablets, 60 Tabs",Nevirapine,Generic,200mg,Tablet,60,25799,87716.6,3.4,0.06,"Strides, Bangalore, India.",No,See DN-320 (ID#:10593),See DN-320 (ID#:10593),140.35
56367,105-SS-T30,FPQ-14470,SCMS-245250,ASN-27328,South Sudan,PMO - US,Direct Drop,EXW,Air,6/17/2014,6/30/2014,3-Oct-14,3-Oct-14,12-Nov-14,HRDT,HIV test - Ancillary,"Orgenics, Ltd","Chase Buffer, Determine, 100 Tests, 2.5ml x 1 Vial","Chase Buffer, Determine, 100 Tests, 2.5ml x 1 Vial",Determine,,Test kit - Ancillary,1,160,800.0,5.0,5.0,"Alere Medical Co., Ltd.",No,See ASN-27328 (ID#:27829),See ASN-27328 (ID#:27829),0.82
83466,114-UG-T30,FPQ-6427,SO-37550,DN-2055,Uganda,PMO - US,From RDC,N/A - From RDC,Truck,9/29/2010,N/A - From RDC,2-Dec-10,2-Dec-10,2-Dec-10,ARV,Adult,SCMS from RDC,"Efavirenz 600mg, tablets, 30 Tabs",Efavirenz,Generic,600mg,Tablet,30,99404,449306.08,4.52,0.15,"Emcure Plot No.P-2, I.T-B.T. Park, Phase II, MIDC, Hinjwadi, Pune, India",Yes,6960,29545.05,968.7
85448,107-RW-T30,FPQ-12766,SO-46480,DN-3579,Rwanda,PMO - US,From RDC,N/A - From RDC,Truck,8/2/2013,N/A - From RDC,28-Mar-14,2-Apr-14,14-Apr-14,ARV,Adult,SCMS from RDC,"Lamivudine/Tenofovir Disoproxil Fumarate 300/300mg, tablets, 30 Tabs",Lamivudine/Tenofovir Disoproxil Fumarate,Generic,300/300mg,Tablet - FDC,30,36406,171108.2,4.7,0.16,Hetero Unit III Hyderabad IN,No,See DN-3579 (ID#:83217),See DN-3579 (ID#:83217),211.66
82977,113-ZW-T30,FPQ-7052,SO-38512,DN-2343,Zimbabwe,PMO - US,From RDC,N/A - From RDC,Truck,1/19/2011,N/A - From RDC,30-Sep-11,7-Oct-11,7-Oct-11,ARV,Adult,SCMS from RDC,"Lamivudine/Nevirapine/Stavudine 150/200/30mg, tablets, 60 Tabs",Lamivudine/Nevirapine/Stavudine,Generic,150/200/30mg,Tablet - FDC,60,70000,376600.0,5.38,0.09,"Strides, Bangalore, India.",Yes,5154,12956.94,621.39
11552,117-ET-T01,Pre-PQ Process,SO-1537,DN-631,Ethiopia,PMO - US,From RDC,N/A - From RDC,Air,Pre-PQ Process,N/A - From RDC,6-Mar-08,6-Mar-08,6-Mar-08,ARV,Adult,SCMS from RDC,"Lamivudine 150mg, tablets, 60 Tabs",Lamivudine,Generic,150mg,Tablet,60,65500,199120.0,3.04,0.05,"Ranbaxy, Paonta Shahib, India",Yes,3858,12047.8,318.59
84465,114-UG-T30,FPQ-15294,SO-50050,DN-4218,Uganda,PMO - US,From RDC,N/A - From RDC,Truck,11/3/2014,N/A - From RDC,15-Jun-15,14-May-15,15-May-15,ARV,Pediatric,SCMS from RDC,"Lamivudine/Zidovudine 30/60mg, dispersible tablets, 60 Tabs",Lamivudine/Zidovudine,Generic,30/60mg,Chewable/dispersible tablet - FDC,60,8193,15730.56,1.92,0.03,"Mylan,  H-12 & H-13, India",No,See DN-4218 (ID#:83326),See DN-4218 (ID#:83326),18.51
12501,104-CI-T01,Pre-PQ Process,SO-791,DN-641,Côte d'Ivoire,PMO - US,From RDC,N/A - From RDC,,Pre-PQ Process,N/A - From RDC,3-Mar-08,3-Mar-08,3-Mar-08,HRDT,HIV test,SCMS from RDC,"HIV 1/2, Determine HIV Kit, without Lancets, 100 Tests","HIV 1/2, Determine HIV Kit, without Lancets",Determine,,Test kit,100,1505,108344.95,71.99,0.72,Inverness Japan,No,See DN-641 (ID#:10695),See DN-641 (ID#:10695),173.35
34062,108-VN-T30,FPQ-12051,SCMS-188651,ASN-24041,Vietnam,PMO - US,Direct Drop,EXW,Air,5/3/2013,11/28/2013,30-May-14,30-May-14,31-May-14,ARV,Adult,MYLAN LABORATORIES LTD (FORMERLY MATRIX LABORATORIES),"Lamivudine/Zidovudine 150/300mg, tablets, 60 Tabs",Lamivudine/Zidovudine,Generic,150/300mg,Tablet - FDC,60,9789,66075.75,6.75,0.11,Mylan (formerly Matrix) Nashik,Yes,1585,2965.32,81.74
38796,111-MZ-T30,FPQ-10880,SCMS-164000,ASN-18369,Mozambique,PMO - US,Direct Drop,EXW,Air,10/18/2012,11/6/2012,20-Mar-13,20-Mar-13,20-Mar-13,HRDT,HIV test,"Orgenics, Ltd","HIV 1/2, Determine Complete HIV Kit, 100 Tests","HIV 1/2, Determine Complete HIV Kit",Determine,,Test kit,100,2938,235040.0,80.0,0.8,"Alere Medical Co., Ltd.",Yes,1329,13394.09,290.74
68110,116-ZA-T30,FPQ-13973,SCMS-238554,ASN-28629,South Africa,PMO - US,Direct Drop,DDP,Truck,4/30/2014,10/3/2014,3-Oct-14,3-Oct-14,3-Oct-14,ARV,Adult,PHARMACY DIRECT,"Darunavir 300mg [Prezista], tablets, 120 Tabs",Darunavir,Prezista,300mg,Tablet,120,36,2509.54,69.71,0.58,"Janssen-Cilag, Latina, IT",No,Weight Captured Separately,Freight Included in Commodity Cost,2.58
83101,114-UG-T30,FPQ-10556,SO-43160,DN-2952,Uganda,PMO - US,From RDC,N/A - From RDC,Air,8/30/2012,N/A - From RDC,2-Feb-13,2-Feb-13,2-Feb-13,ARV,Adult,SCMS from RDC,"Lamivudine/Tenofovir Disoproxil Fumarate 300/300mg, tablets, 30 Tabs",Lamivudine/Tenofovir Disoproxil Fumarate,Generic,300/300mg,Tablet - FDC,30,1525,7335.25,4.81,0.16,"Cipla, Kurkumbh, India",No,See DN-2952 (ID#:82537),See DN-2952 (ID#:82537),10.28
262,116-ZA-T01,Pre-PQ Process,SCMS-14050,ASN-1251,South Africa,PMO - US,Direct Drop,DDP,,Pre-PQ Process,11/12/2007,29-Jan-08,29-Jan-08,29-Jan-08,ARV,Pediatric,"JSI R&T INSTITUTE, INC.","Zidovudine 10mg/ml [Retrovir], oral solution, Bottle, 200 ml",Zidovudine,Retrovir,10mg/ml,Oral solution,200,40,317.6,7.94,0.04,GSK Mississauga (Canada),Yes,Weight Captured Separately,Freight Included in Commodity Cost,0.51
10949,109-TZ-T01,Pre-PQ Process,SO-2000,DN-722,Tanzania,PMO - US,From RDC,N/A - From RDC,,Pre-PQ Process,N/A - From RDC,30-Apr-08,30-Apr-08,30-Apr-08,ARV,Adult,SCMS from RDC,"Lopinavir/Ritonavir 200/50mg [Aluvia], tablets, 120 Tabs",Lopinavir/Ritonavir,Aluvia,200/50mg,Tablet,120,2580,106038.0,41.1,0.34,ABBVIE Ludwigshafen Germany,Yes,559,3562.4,169.66
11992,114-UG-T01,Pre-PQ Process,SO-30081,DN-1320,Uganda,PMO - US,From RDC,N/A - From RDC,Air,Date Not Captured,N/A - From RDC,14-Aug-09,14-Aug-09,14-Aug-09,ARV,Adult,SCMS from RDC,"Lamivudine/Nevirapine/Stavudine 150/200/30mg, tablets, 60 Tabs",Lamivudine/Nevirapine/Stavudine,Generic,150/200/30mg,Tablet - FDC,60,1604,11420.48,7.12,0.12,"Strides, Bangalore, India.",Yes,120,1670.63,22.38
637,108-VN-T01,Pre-PQ Process,SCMS-26200,ASN-2563,Vietnam,PMO - US,Direct Drop,EXW,Air,Pre-PQ Process,7/3/2008,8-Oct-08,8-Oct-08,8-Oct-08,ARV,Adult,Aurobindo Pharma Limited,"Stavudine 30mg, capsules, 60 Caps",Stavudine,Generic,30mg,Capsule,60,42000,60900.0,1.45,0.02,"Aurobindo Unit III, India",Yes,2600,10179.16,97.44
71001,110-ZM-T30,FPQ-14151,SCMS-240080,ASN-26469,Zambia,PMO - US,Direct Drop,EXW,Air,4/30/2014,5/21/2014,20-Jul-14,20-Jul-14,1-Aug-14,ARV,Adult,Aurobindo Pharma Limited,"Nevirapine 200mg, tablets, 60 Tabs",Nevirapine,Generic,200mg,Tablet,60,12425,27956.25,2.25,0.04,"Aurobindo Unit III, India",Yes,1273,6637.36,28.74
84234,104-CI-T30,FPQ-10633,SO-43340,DN-3046,Côte d'Ivoire,PMO - US,From RDC,N/A - From RDC,Truck,9/11/2012,N/A - From RDC,30-Apr-13,8-Mar-13,8-Mar-13,ARV,Adult,SCMS from RDC,"Lopinavir/Ritonavir 200/50mg, tablets, 120 Tabs",Lopinavir/Ritonavir,Generic,200/50mg,Tablet,120,8476,209865.76,24.76,0.21,"Aurobindo Unit III, India",No,See DN-3046 (ID#:83119),See DN-3046 (ID#:83119),294.23
48958,101-CD-T30,FPQ-13548,SCMS-224840,ASN-24721,"Congo, DRC",PMO - US,Direct Drop,EXW,Air,1/22/2014,1/28/2014,4-Apr-14,4-Apr-14,28-Apr-14,HRDT,HIV test,"Trinity Biotech, Plc","HIV 1/2, Uni-Gold HIV Kit, 20 Tests","HIV 1/2, Uni-Gold HIV Kit",Uni-Gold,,Test kit,20,30,960.0,32.0,1.6,"Trinity Biotech, Plc",No,See ASN-24721 (ID#:13708),See ASN-24721 (ID#:13708),0.99
3302,108-VN-T01,Pre-PQ Process,SCMS-27370,ASN-2806,Vietnam,PMO - US,Direct Drop,EXW,Air,Pre-PQ Process,7/24/2008,29-Nov-08,29-Nov-08,29-Nov-08,ARV,Adult,CIPLA LIMITED,"Lamivudine/Nevirapine/Stavudine 150/200/30mg, tablets, 60 Tabs",Lamivudine/Nevirapine/Stavudine,Generic,150/200/30mg,Tablet - FDC,60,1440,10440.0,7.25,0.12,"Cipla, Goa, India",Yes,128,2147.61,20.46
53945,116-ZA-T30,FPQ-13214,SCMS-215410,ASN-23875,South Africa,PMO - US,Direct Drop,DDP,Truck,11/14/2013,12/2/2013,13-Jan-14,13-Jan-14,13-Jan-14,ARV,Pediatric,S. BUYS WHOLESALER,"Abacavir 20mg/ml, oral solution w/syringe, Bottle, 240 ml",Abacavir,Generic,20mg/ml,Oral solution,240,446,10825.73,24.27,0.1,"Aurobindo Unit III, India",No,Weight Captured Separately,Freight Included in Commodity Cost,11.13
83479,111-MZ-T30,FPQ-6981,SO-38350,DN-2094,Mozambique,PMO - US,From RDC,N/A - From RDC,Air,1/6/2011,N/A - From RDC,28-Feb-11,25-Feb-11,25-Feb-11,ARV,Pediatric,SCMS from RDC,"Zidovudine 10mg/ml, oral solution, Bottle, 240 ml",Zidovudine,Generic,10mg/ml,Oral solution,240,1177,2377.54,2.02,0.01,"Aurobindo Unit III, India",Yes,512,3415.72,3.92
29596,107-RW-T30,FPQ-10223,SCMS-152930,ASN-16792,Rwanda,PMO - US,Direct Drop,EXW,Ocean,7/5/2012,7/18/2012,10-Dec-12,10-Dec-12,10-Dec-12,ARV,Adult,MICRO LABS LIMITED,"Nevirapine 200mg, tablets, 60 Tabs",Nevirapine,Generic,200mg,Tablet,60,171925,388550.5,2.26,0.04,"Micro labs, Verna, Goa, India",Yes,15683,36173.15,544.75
38266,101-CD-T30,FPQ-12073,SCMS-186710,ASN-20472,"Congo, DRC",PMO - US,Direct Drop,EXW,Air,4/12/2013,5/8/2013,20-Sep-13,20-Sep-13,20-Sep-13,HRDT,HIV test,"Orgenics, Ltd","HIV 1/2, Determine Complete HIV Kit, 100 Tests","HIV 1/2, Determine Complete HIV Kit",Determine,,Test kit,100,2917,233360.0,80.0,0.8,"Alere Medical Co., Ltd.",Yes,1361,24410.67,288.67
70813,108-VN-T30,FPQ-10287,SCMS-156140,ASN-17077,Vietnam,PMO - US,Direct Drop,EXW,Air,7/25/2012,8/14/2012,10-Dec-12,10-Dec-12,10-Dec-12,ARV,Pediatric,Aurobindo Pharma Limited,"Nevirapine 10mg/ml, oral suspension w/syringe, Bottle, 240 ml",Nevirapine,Generic,10mg/ml,Oral suspension,240,436,850.2,1.95,0.01,"Aurobindo Unit III, India",No,See ASN-17077 (ID#:37031),See ASN-17077 (ID#:37031),1.19
49025,800-CM-T30,FPQ-12570,SCMS-200890,ASN-21967,Cameroon,PMO - US,Direct Drop,EXW,Air,7/10/2013,8/6/2013,22-Oct-13,22-Oct-13,25-Oct-13,HRDT,HIV test,Orasure Technologies Inc.,"HIV 1/2, OraQuick Rapid Antibody Kit, 100 Tests","HIV 1/2, OraQuick Rapid Antibody Kit",OraQuick,,Test kit,100,2000,700000.0,350.0,3.5,"Orasure Technologies, Inc",Yes,5006,88560.19,865.9
65621,117-ET-T30,FPQ-9096,SCMS-133360,ASN-14200,Ethiopia,PMO - US,Direct Drop,EXW,Air,1/5/2012,1/23/2012,27-Mar-12,27-Mar-12,27-Mar-12,HRDT,HIV test,"CHEMBIO DIAGNOSTIC SYSTEMS, INC.","HIV 1/2, Stat-Pak HIV, Kit, 20 Tests","HIV 1/2, Stat-Pak HIV, Kit",Stat-Pak,,Test kit,20,44,1276.0,29.0,1.45,Chembio Diagnostics Sys. Inc.,Yes,15,529.4,1.79
49694,161-ZA-T30,FPQ-6262,SCMS-83770,ASN-9935,South Africa,PMO - US,Direct Drop,DDP,Ocean,8/31/2010,9/24/2010,7-Apr-11,7-Apr-11,7-Apr-11,ARV,Adult,Aurobindo Pharma Limited,"Zidovudine 300mg, tablets, 60 Tabs",Zidovudine,Generic,300mg,Tablet,60,70030,513319.9,7.33,0.12,"Aurobindo Unit III, India",Yes,3534,17919.41,1106.72
36204,106-HT-T30,FPQ-12590,SCMS-210450,ASN-23820,Haiti,PMO - US,Direct Drop,FCA,Air,8/21/2013,10/22/2013,28-Feb-14,28-Feb-14,3-Mar-14,ARV,Pediatric,ABBVIE LOGISTICS (FORMERLY ABBOTT LOGISTICS BV),"Lopinavir/Ritonavir 80/20mg/ml [Kaletra], oral solution, cool, Bottle 5 x 60 ml",Lopinavir/Ritonavir,Kaletra,80/20mg/ml,Oral solution,300,10,308.2,30.82,0.1,ABBVIE (Abbott) Logis. UK,Yes,38,1347,0.38
83065,107-RW-T30,FPQ-10042,SO-42490,DN-2798,Rwanda,PMO - US,From RDC,N/A - From RDC,Air,6/4/2012,N/A - From RDC,31-Aug-12,23-Aug-12,23-Aug-12,ARV,Adult,SCMS from RDC,"Abacavir 300mg, tablets, 60 Tabs",Abacavir,Generic,300mg,Tablet,60,6849,90064.35,13.15,0.22,"Aurobindo Unit III, India",Yes,880,13841.89,126.27
15625,111-MZ-T30,FPQ-14294,SCMS-247360,ASN-27766,Mozambique,PMO - US,Direct Drop,EXW,Air,5/15/2014,7/30/2014,10-Sep-14,10-Sep-14,1-Oct-14,HRDT,HIV test,"Orgenics, Ltd","HIV 1/2, Determine Complete HIV Kit, 100 Tests","HIV 1/2, Determine Complete HIV Kit",Determine,,Test kit,100,4708,376640.0,80.0,0.8,"Alere Medical Co., Ltd.",Yes,1914,13489.96,387.19
83506,151-NG-T30,FPQ-7217,SO-39840,DN-2244,Nigeria,PMO - US,From RDC,N/A - From RDC,Air Charter,2/21/2011,N/A - From RDC,15-Jun-11,6-Jul-11,6-Jul-11,ARV,Adult,SCMS from RDC,"Lamivudine/Nevirapine/Zidovudine 150/200/300mg, tablets, 60 Tabs",Lamivudine/Nevirapine/Zidovudine,Generic,150/300/200mg,Tablet - FDC,60,206853,2320890.66,11.22,0.19,"Aurobindo Unit III, India",Yes,29353,13398.06,3829.47
66277,114-UG-T30,FPQ-9365,SCMS-142300,ASN-14824,Uganda,PMO - US,Direct Drop,DDP,Air,3/15/2012,4/17/2012,10-May-12,10-May-12,10-May-12,ARV,Adult,ASPEN PHARMACARE,"Darunavir 300mg [Prezista], tablets, 120 Tabs",Darunavir,Prezista,300mg,Tablet,120,100,6660.0,66.6,0.55,"Aspen-OSD, Port Elizabeth, SA",Yes,14,527,9.34
58761,116-ZA-T30,FPQ-13214,SCMS-215410,ASN-23875,South Africa,PMO - US,Direct Drop,DDP,Truck,11/14/2013,12/2/2013,13-Jan-14,13-Jan-14,13-Jan-14,ARV,Pediatric,S. BUYS WHOLESALER,"Efavirenz 200mg, capsule, 90 Caps",Efavirenz,Generic,200mg,Capsule,90,190,4438.36,23.36,0.26,"Aurobindo Unit III, India",No,Weight Captured Separately,Freight Included in Commodity Cost,4.56
47406,110-ZM-T30,FPQ-11390,SCMS-173920,ASN-19078,Zambia,PMO - US,Direct Drop,EXW,Air,1/8/2013,1/23/2013,5-Jun-13,5-Jun-13,5-Jun-13,HRDT,HIV test,"Orgenics, Ltd","HIV 1/2, Determine Complete HIV Kit, 100 Tests","HIV 1/2, Determine Complete HIV Kit",Determine,,Test kit,100,2607,208560.0,80.0,0.8,"Alere Medical Co., Ltd.",Yes,1080,19598.71,257.99
82885,151-NG-T30,FPQ-4537,SO-35053,DN-1826,Nigeria,PMO - US,From RDC,N/A - From RDC,Air Charter,11/6/2009,N/A - From RDC,31-May-10,18-May-10,18-May-10,ARV,Adult,SCMS from RDC,"Lamivudine/Zidovudine 150/300mg, tablets, 60 Tabs",Lamivudine/Zidovudine,Generic,150/300mg,Tablet - FDC,60,54096,473880.96,8.76,0.15,Hetero Unit III Hyderabad IN,Yes,4660,9736.1,1021.69
83921,104-CI-T30,FPQ-15259,SO-50102,DN-4313,Côte d'Ivoire,PMO - US,From RDC,N/A - From RDC,Truck,10/24/2014,N/A - From RDC,31-Jul-15,6-Aug-15,7-Aug-15,ARV,Adult,SCMS from RDC,"Lamivudine/Tenofovir Disoproxil Fumarate 300/300mg, tablets, 30 Tabs",Lamivudine/Tenofovir Disoproxil Fumarate,Generic,300/300mg,Tablet - FDC,30,6750,31185.0,4.62,0.15,"Hetero, Jadcherla, unit 5, IN",Yes,4426,14734.92,36.7
59805,108-VN-T30,FPQ-6818,SCMS-98050,ASN-11023,Vietnam,PMO - US,Direct Drop,EXW,Air,1/17/2011,2/15/2011,22-Jun-11,22-Jun-11,22-Jun-11,ARV,Adult,MYLAN LABORATORIES LTD (FORMERLY MATRIX LABORATORIES),"Zidovudine 300mg, tablets, 60 Tabs",Zidovudine,Generic,300mg,Tablet,60,4084,29609.0,7.25,0.12,Mylan (formerly Matrix) Nashik,No,See ASN-11023 (ID#:37963),See ASN-11023 (ID#:37963),48.85
85310,104-CI-T30,FPQ-9749,SO-42400,DN-2880,Côte d'Ivoire,PMO - US,From RDC,N/A - From RDC,Truck,4/19/2012,N/A - From RDC,30-Oct-12,24-Oct-12,24-Oct-12,ARV,Adult,SCMS from RDC,"Efavirenz 600mg, tablets, 30 Tabs",Efavirenz,Generic,600mg,Tablet,30,56228,204669.92,3.64,0.12,"Aurobindo Unit III, India",Yes,6242,17129.96,286.95
18881,102-BW-T30,FPQ-6645,SCMS-92610,ASN-9635,Botswana,PMO - US,Direct Drop,EXW,Air,11/11/2010,12/2/2010,16-Mar-11,16-Mar-11,16-Mar-11,HRDT,HIV test,"Trinity Biotech, Plc","HIV 1/2, Uni-Gold HIV Kit, 20 Tests","HIV 1/2, Uni-Gold HIV Kit",Uni-Gold,,Test kit,20,50,1600.0,32.0,1.6,"Trinity Biotech, Plc",Yes,17,617.79,2.64
11332,113-ZW-T01,Pre-PQ Process,SO-21010,DN-1289,Zimbabwe,PMO - US,From RDC,N/A - From RDC,Truck,Pre-PQ Process,N/A - From RDC,22-Jun-09,22-Jun-09,22-Jun-09,ARV,Adult,SCMS from RDC,"Lamivudine/Nevirapine/Stavudine 150/200/30mg, tablets, 60 Tabs",Lamivudine/Nevirapine/Stavudine,Generic,150/200/30mg,Tablet - FDC,60,76000,541120.0,7.12,0.12,"Cipla, Goa, India",Yes,8955,14958.2,1060.6
56902,116-ZA-T30,FPQ-13973,SCMS-238553,ASN-28021,South Africa,PMO - US,Direct Drop,DDP,Truck,4/30/2014,8/28/2014,28-Aug-14,28-Aug-14,28-Aug-14,ARV,Adult,PHARMACY DIRECT,"Didanosine 250mg, delayed-release capsules, 30 Caps",Didanosine,Generic,250mg,Delayed-release capsules,30,4,60.99,15.25,0.51,"Aurobindo Unit III, India",No,Weight Captured Separately,Freight Included in Commodity Cost,0.06
85692,151-NG-T30,FPQ-5023,SO-36544,DN-1940,Nigeria,PMO - US,From RDC,N/A - From RDC,Air,2/10/2010,N/A - From RDC,15-Jul-10,28-Jun-10,28-Jun-10,ARV,Adult,SCMS from RDC,"Lamivudine/Zidovudine 150/300mg, tablets, 60 Tabs",Lamivudine/Zidovudine,Generic,150/300mg,Tablet - FDC,60,2000,17520.0,8.76,0.15,Mylan (formerly Matrix) Nashik,Yes,161,Freight Included in Commodity Cost,37.77
84950,111-MZ-T30,FPQ-13124,SO-47040,DN-3809,Mozambique,PMO - US,From RDC,N/A - From RDC,Truck,10/21/2013,N/A - From RDC,15-Aug-14,15-Aug-14,25-Aug-14,ARV,Adult,SCMS from RDC,"Efavirenz 600mg, tablets, 30 Tabs",Efavirenz,Generic,600mg,Tablet,30,108650,348766.5,3.21,0.11,"Strides, Bangalore, India.",Yes,9741,9360.14,358.53
15815,116-ZA-T30,FPQ-4359,SCMS-54980,ASN-5373,South Africa,PMO - US,Direct Drop,DDP,Truck,10/8/2009,10/15/2009,19-Oct-09,19-Oct-09,19-Oct-09,ARV,Pediatric,S. BUYS WHOLESALER,"Stavudine 1mg/ml [Zerit], powder for oral solution, Bottle, 200 ml",Stavudine,Zerit,1mg/ml,Powder for oral solution,200,2200,3914.05,1.78,0.01,"BMS Meymac, France",No,Weight Captured Separately,Freight Included in Commodity Cost,7.67
1282,108-VN-T01,Pre-PQ Process,SCMS-169,ASN-272,Vietnam,PMO - US,Direct Drop,EXW,Air,Pre-PQ Process,11/15/2006,14-Mar-07,14-Mar-07,14-Mar-07,ARV,Adult,CIPLA LIMITED,"Lamivudine/Zidovudine 150/300mg, tablets, 60 Tabs",Lamivudine/Zidovudine,Generic,150/300mg,Tablet - FDC,60,25100,276100.0,11.0,0.18,"Cipla, Goa, India",Yes,2575,18772.94,
1251,108-VN-T01,Pre-PQ Process,SCMS-12,ASN-91,Vietnam,PMO - US,Direct Drop,CIP,Air,Pre-PQ Process,Date Not Captured,16-Nov-06,16-Nov-06,16-Nov-06,ARV,Pediatric,BRISTOL-MYERS SQUIBB,"Didanosine 25mg [Videx], chewable tablets, 60 Tabs",Didanosine,Videx,25mg,Chewable/dispersible tablet,60,2800,19600.0,7.0,0.12,"BMS Meymac, France",Yes,555,3292.15,
60450,102-KE-T30,FPQ-4587,SCMS-58380,ASN-5878,Kenya,PMO - US,Direct Drop,EXW,Air,11/18/2009,12/2/2009,16-Feb-10,19-Feb-10,19-Feb-10,HRDT,HIV test,"Orgenics, Ltd","HIV 1/2, Determine Complete HIV Kit, 100 Tests","HIV 1/2, Determine Complete HIV Kit",Determine,,Test kit,100,1500,120000.0,80.0,0.8,Inverness Japan,Yes,1489,14532.09,258.72
9042,116-ZA-T01,Pre-PQ Process,SCMS-41190,ASN-3732,South Africa,PMO - US,Direct Drop,DDP,Air,Pre-PQ Process,Date Not Captured,30-Mar-09,21-Jan-09,21-Jan-09,ARV,Pediatric,S. BUYS WHOLESALER,"Nevirapine 10mg/ml [Viramune], oral suspension, Bottle, 240 ml",Nevirapine,Viramune,10mg/ml,Oral suspension,240,30,323.4,10.78,0.04,"BI, Ingelheim, Germany",No,Weight Captured Separately,Freight Included in Commodity Cost,0.63
63915,108-VN-T30,FPQ-10286,SCMS-156130,ASN-17075,Vietnam,PMO - US,Direct Drop,EXW,Air,7/25/2012,8/14/2012,29-Nov-12,29-Nov-12,29-Nov-12,ARV,Adult,Aurobindo Pharma Limited,"Efavirenz 600mg, tablets, 30 Tabs",Efavirenz,Generic,600mg,Tablet,30,15881,52407.3,3.3,0.11,"Aurobindo Unit III, India",No,See ASN-17075 (ID#:20697),See ASN-17075 (ID#:20697),73.48
30186,108-VN-T30,FPQ-5899,SCMS-77270,ASN-7730,Vietnam,PMO - US,Direct Drop,EXW,Air,6/23/2010,6/30/2010,3-Nov-10,3-Nov-10,3-Nov-10,ARV,Adult,MYLAN LABORATORIES LTD (FORMERLY MATRIX LABORATORIES),"Abacavir 300mg, tablets, 60 Tabs",Abacavir,Generic,300mg,Tablet,60,200,3148.0,15.74,0.26,Mylan (formerly Matrix) Nashik,Yes,22,3587.81,6.79
43210,108-VN-T30,FPQ-10287,SCMS-156140,ASN-17077,Vietnam,PMO - US,Direct Drop,EXW,Air,7/25/2012,8/14/2012,10-Dec-12,10-Dec-12,10-Dec-12,ARV,Adult,Aurobindo Pharma Limited,"Lamivudine/Nevirapine/Zidovudine 150/200/300mg, tablets, 60 Tabs",Lamivudine/Nevirapine/Zidovudine,Generic,150/300/200mg,Tablet - FDC,60,12785,109951.0,8.6,0.14,"Aurobindo Unit III, India",No,See ASN-17077 (ID#:37031),See ASN-17077 (ID#:37031),154.15
3457,119-NA-T01,Pre-PQ Process,SCMS-31810,ASN-3192,Namibia,PMO - US,Direct Drop,EXW,Air,Pre-PQ Process,10/14/2008,22-Jan-09,22-Jan-09,22-Jan-09,HRDT,HIV test,"Orgenics, Ltd","HIV 1/2, Determine Complete HIV Kit, 100 Tests","HIV 1/2, Determine Complete HIV Kit",Determine,,Test kit,100,150,10800.0,72.0,0.72,Inverness Japan,Yes,46,2946.64,21.17
42190,108-VN-T30,FPQ-16194,SCMS-285490,ASN-33143,Vietnam,PMO - US,Direct Drop,EXW,Air,4/14/2015,5/13/2015,7-Sep-15,7-Sep-15,7-Sep-15,ARV,Adult,HETERO LABS LIMITED,"Lamivudine 150mg, tablets, 60 Tabs",Lamivudine,Generic,150mg,Tablet,60,5300,9540.0,1.8,0.03,Hetero Unit III Hyderabad IN,Yes,Weight Captured Separately,Invoiced Separately,11.23
12301,151-NG-T01,Pre-PQ Process,SO-32644,DN-1338,Nigeria,PMO - US,From RDC,N/A - From RDC,Air Charter,Date Not Captured,N/A - From RDC,4-Aug-09,4-Aug-09,4-Aug-09,ARV,Adult,SCMS from RDC,"Lamivudine/Nevirapine/Zidovudine 150/200/300mg, tablets, 60 Tabs",Lamivudine/Nevirapine/Zidovudine,Generic,150/300/200mg,Tablet - FDC,60,5800,66120.0,11.4,0.19,"Aurobindo Unit III, India",Yes,654,7445.8,129.6
34280,108-VN-T30,FPQ-5317,SCMS-69520,ASN-7485,Vietnam,PMO - US,Direct Drop,EXW,Air,3/22/2010,3/29/2010,3-Aug-10,3-Aug-10,3-Aug-10,ARV,Adult,STRIDES ARCOLAB LIMITED,"Lamivudine 150mg, tablets, 60 Tabs",Lamivudine,Generic,150mg,Tablet,60,5600,13160.0,2.35,0.04,"Strides, Bangalore, India.",No,See ASN-7485 (ID#:30256),See ASN-7485 (ID#:30256),28.37
36892,116-ZA-T30,FPQ-13035,SCMS-215370,ASN-24415,South Africa,PMO - US,Direct Drop,DDP,Truck,10/8/2013,12/2/2013,6-Feb-14,6-Feb-14,6-Feb-14,ARV,Adult,S. BUYS WHOLESALER,"Lamivudine 150mg [Epivir], tablets, 60 Tabs",Lamivudine,Epivir,150mg,Tablet,60,3519,38242.38,10.87,0.18,GSK Cape Town Factory (South Africa),No,Weight Captured Separately,Freight Included in Commodity Cost,47.31
85251,111-MZ-T30,FPQ-8157,SO-40383,DN-2615,Mozambique,PMO - US,From RDC,N/A - From RDC,Truck,8/4/2011,N/A - From RDC,7-May-12,10-May-12,10-May-12,ARV,Adult,SCMS from RDC,"Lamivudine/Nevirapine/Stavudine 150/200/30mg, tablets, 60 Tabs",Lamivudine/Nevirapine/Stavudine,Generic,150/200/30mg,Tablet - FDC,60,4666,25103.08,5.38,0.09,"Strides, Bangalore, India.",Yes,346,3580.36,41.42
10596,100-ZW-T01,Pre-PQ Process,SO-719,DN-338,Zimbabwe,PMO - US,From RDC,N/A - From RDC,Truck,Pre-PQ Process,N/A - From RDC,26-Sep-07,26-Sep-07,26-Sep-07,ARV,Adult,SCMS from RDC,"Lamivudine/Nevirapine/Stavudine 150/200/30mg, tablets, 60 Tabs",Lamivudine/Nevirapine/Stavudine,Generic,150/200/30mg,Tablet - FDC,60,53546,396240.4,7.4,0.12,"Cipla, Goa, India",Yes,5467,18941.31,633.98
15248,108-VN-T30,FPQ-4265,SCMS-57140,ASN-6265,Vietnam,PMO - US,Direct Drop,EXW,Air,10/20/2009,11/13/2009,15-Mar-10,15-Mar-10,15-Mar-10,ARV,Adult,Aurobindo Pharma Limited,"Lamivudine/Nevirapine/Zidovudine 150/200/300mg, tablets, 60 Tabs",Lamivudine/Nevirapine/Zidovudine,Generic,150/300/200mg,Tablet - FDC,60,16300,181745.0,11.15,0.19,"Aurobindo Unit III, India",Yes,2011,11648.31,356.22
82820,107-RW-T30,FPQ-16571,SO-51740,DN-4345,Rwanda,PMO - US,From RDC,N/A - From RDC,Air,7/7/2015,N/A - From RDC,8-Sep-15,26-Aug-15,2-Sep-15,ARV,Pediatric,SCMS from RDC,"Lamivudine/Nevirapine/Zidovudine 30/50/60mg, dispersible tablets, 60 Tabs",Lamivudine/Nevirapine/Zidovudine,Generic,30/50/60mg,Chewable/dispersible tablet - FDC,60,2592,9201.6,3.55,0.06,"Mylan,  H-12 & H-13, India",Yes,Weight Captured Separately,Invoiced Separately,10.83
13708,101-CD-T30,FPQ-13548,SCMS-224840,ASN-24721,"Congo, DRC",PMO - US,Direct Drop,EXW,Air,1/22/2014,1/28/2014,4-Apr-14,4-Apr-14,28-Apr-14,HRDT,HIV test,"Trinity Biotech, Plc","HIV 1/2, Uni-Gold HIV Kit, 20 Tests","HIV 1/2, Uni-Gold HIV Kit",Uni-Gold,,Test kit,20,32,1024.0,32.0,1.6,"Trinity Biotech, Plc",Yes,54,2734.02,1.05
82556,151-NG-T30,FPQ-10477,SO-44560,DN-3029,Nigeria,PMO - US,From RDC,N/A - From RDC,Air Charter,8/9/2012,N/A - From RDC,15-Mar-13,21-Feb-13,21-Feb-13,ARV,Adult,SCMS from RDC,"Lamivudine/Zidovudine 150/300mg, tablets, 60 Tabs",Lamivudine/Zidovudine,Generic,150/300mg,Tablet - FDC,60,31971,232429.17,7.27,0.12,Mylan (formerly Matrix) Nashik,Yes,11111,37242.5,325.87
85121,114-UG-T30,FPQ-5239,SO-36141,DN-1852,Uganda,PMO - US,From RDC,N/A - From RDC,Air,3/2/2010,N/A - From RDC,30-Jun-10,22-Jun-10,22-Jun-10,ARV,Adult,SCMS from RDC,"Emtricitabine/Tenofovir Disoproxil Fumarate 200/300mg, tablets, 30 Tabs",Emtricitabine/Tenofovir Disoproxil Fumarate,Generic,200/300mg,Tablet - FDC,30,1500,17625.0,11.75,0.39,Mylan (formerly Matrix) Nashik,Yes,109,2288.29,38.0
13817,113-ZW-T30,FPQ-13939,SCMS-234720,ASN-26119,Zimbabwe,PMO - US,Direct Drop,EXW,Air,4/1/2014,5/8/2014,14-Jun-14,14-Jun-14,16-Jun-14,ARV,Adult,Aurobindo Pharma Limited,"Lamivudine/Tenofovir Disoproxil Fumarate 300/300mg, tablets, 30 Tabs",Lamivudine/Tenofovir Disoproxil Fumarate,Generic,300/300mg,Tablet - FDC,30,32670,151915.5,4.65,0.16,"Aurobindo Unit VII, IN",Yes,3076,25730.13,156.17
13568,116-ZA-T30,FPQ-14942,SCMS-259074,ASN-31070,South Africa,PMO - US,Direct Drop,DDP,Truck,9/11/2014,3/9/2015,9-Mar-15,9-Mar-15,9-Mar-15,ARV,Adult,PHARMACY DIRECT,"Efavirenz 600mg, tablets, 30 Tabs",Efavirenz,Generic,600mg,Tablet,30,139,1566.38,11.27,0.38,"Aurobindo Unit III, India",Yes,Weight Captured Separately,Freight Included in Commodity Cost,1.61
17245,101-CD-T30,FPQ-13548,SCMS-224840,ASN-24721,"Congo, DRC",PMO - US,Direct Drop,EXW,Air,1/22/2014,1/28/2014,4-Apr-14,4-Apr-14,28-Apr-14,HRDT,HIV test,"Trinity Biotech, Plc","HIV 1/2, Uni-Gold HIV Kit, 20 Tests","HIV 1/2, Uni-Gold HIV Kit",Uni-Gold,,Test kit,20,27,864.0,32.0,1.6,"Trinity Biotech, Plc",No,See ASN-24721 (ID#:13708),See ASN-24721 (ID#:13708),0.89
40255,108-VN-T30,FPQ-13034,SCMS-210040,ASN-24697,Vietnam,PMO - US,Direct Drop,FCA,Air,10/4/2013,10/10/2013,7-Apr-14,7-Apr-14,8-May-14,ARV,Adult,ABBVIE LOGISTICS (FORMERLY ABBOTT LOGISTICS BV),"Ritonavir 100mg [Norvir], film coated tablets, 30 Tabs",Ritonavir,Norvir,100mg,Tablet,30,400,9304.0,23.26,0.78,ABBVIE Ludwigshafen Germany,Yes,Weight Captured Separately,Invoiced Separately,11.51
11963,106-HT-T01,Pre-PQ Process,SO-24831,DN-1173,Haiti,PMO - US,From RDC,N/A - From RDC,Air,Pre-PQ Process,N/A - From RDC,14-Apr-09,14-Apr-09,14-Apr-09,ARV,Pediatric,SCMS from RDC,"Abacavir 20mg/ml, oral solution, Bottle, 240 ml",Abacavir,Generic,20mg/ml,Oral solution,240,274,4110.0,15.0,0.06,"Aurobindo Unit III, India",Yes,98,1763.84,8.06
34113,105-SS-T30,FPQ-11539,SCMS-176931,ASN-20331,South Sudan,PMO - US,Direct Drop,EXW,Air,1/24/2013,2/26/2013,20-Sep-13,20-Sep-13,20-Sep-13,HRDT,HIV test - Ancillary,"Orgenics, Ltd","Chase Buffer, Determine, 100 Tests, 2.5ml x 1 Vial","Chase Buffer, Determine, 100 Tests, 2.5ml x 1 Vial",Determine,,Test kit - Ancillary,1,115,575.0,5.0,5.0,"Alere Medical Co., Ltd.",Yes,115,2660.05,0.71
85998,151-NG-T30,FPQ-11771,SO-44759,DN-3321,Nigeria,PMO - US,From RDC,N/A - From RDC,Air Charter,2/28/2013,N/A - From RDC,20-Sep-13,12-Sep-13,12-Sep-13,ARV,Adult,SCMS from RDC,"Abacavir/Lamivudine 600/300mg, scored tablets, 30 Tabs",Abacavir/Lamivudine,Generic,600/300mg,Tablet - FDC,30,284,3839.68,13.52,0.45,Mylan (formerly Matrix) Nashik,Yes,48,34218.36,4.75
34319,133-NG-T30,FPQ-14995,SCMS-260700,ASN-29932,Nigeria,PMO - US,Direct Drop,EXW,Air,9/22/2014,10/29/2014,19-Jan-15,19-Jan-15,22-Jan-15,HRDT,HIV test,"Orgenics, Ltd","HIV 1/2, Determine Complete HIV Kit, 100 Tests","HIV 1/2, Determine Complete HIV Kit",Determine,,Test kit,100,3176,282664.0,89.0,0.89,"Alere Medical Co., Ltd.",Yes,1288,16002.97,290.58
11079,151-NG-T30,Pre-PQ Process,SO-35330,DN-1615,Nigeria,PMO - US,From RDC,N/A - From RDC,Air,Date Not Captured,N/A - From RDC,19-Feb-10,22-Jan-10,22-Jan-10,ARV,Adult,SCMS from RDC,"Emtricitabine/Tenofovir Disoproxil Fumarate 200/300mg, tablets, 30 Tabs",Emtricitabine/Tenofovir Disoproxil Fumarate,Generic,200/300mg,Tablet - FDC,30,5,58.75,11.75,0.39,Mylan (formerly Matrix) Nashik,Yes,1,19480.97,0.13
84542,151-NG-T30,FPQ-4537,SO-35094,DN-1748,Nigeria,PMO - US,From RDC,N/A - From RDC,Air Charter,11/6/2009,N/A - From RDC,19-Apr-10,30-Mar-10,30-Mar-10,ARV,Adult,SCMS from RDC,"Zidovudine 300mg, tablets, 60 Tabs",Zidovudine,Generic,300mg,Tablet,60,270,2025.0,7.5,0.12,Mylan (formerly Matrix) Nashik,Yes,15,Freight Included in Commodity Cost,4.37
32362,106-HT-T30,FPQ-6489,SCMS-90450,ASN-10409,Haiti,PMO - US,Direct Drop,CIP,Air,10/20/2010,11/4/2010,16-Apr-11,16-Apr-11,16-Apr-11,ARV,Pediatric,MERCK SHARP & DOHME IDEA GMBH (FORMALLY MERCK SHARP & DOHME B.V.),"Efavirenz 30mg/ml [Stocrin/Sustiva], oral solution, Bottle, 180 ml",Efavirenz,Stocrin/Sustiva,30mg/ml,Oral solution,180,525,8904.0,16.96,0.09,"MSD, Haarlem, NL",Yes,159,290,19.2
84730,105-GY-T30,FPQ-9819,SO-42030,DN-2700,Guyana,PMO - US,From RDC,N/A - From RDC,Air,5/4/2012,N/A - From RDC,10-Jul-12,18-Jun-12,18-Jun-12,ARV,Adult,SCMS from RDC,"Zidovudine 300mg, tablets, 60 Tabs",Zidovudine,Generic,300mg,Tablet,60,852,5802.12,6.81,0.11,"Aurobindo Unit III, India",Yes,46,1255.62,8.13
85113,104-CI-T30,FPQ-4659,SO-35560,DN-1799,Côte d'Ivoire,PMO - US,From RDC,N/A - From RDC,Air,12/8/2009,N/A - From RDC,10-May-10,7-May-10,7-May-10,ARV,Adult,SCMS from RDC,"Lamivudine 150mg, tablets, 60 Tabs",Lamivudine,Generic,150mg,Tablet,60,9316,22731.04,2.44,0.04,"Strides, Bangalore, India.",No,See DN-1799 (ID#:84560),See DN-1799 (ID#:84560),49.01
18664,108-VN-T30,FPQ-13034,SCMS-210150,ASN-24398,Vietnam,PMO - US,Direct Drop,EXW,Air,10/4/2013,10/10/2013,23-Apr-14,23-Apr-14,23-Apr-14,ARV,Adult,HETERO LABS LIMITED,"Abacavir 300mg, tablets, 60 Tabs",Abacavir,Generic,300mg,Tablet,60,1436,16442.2,11.45,0.19,Hetero Unit III Hyderabad IN,Yes,2832,7474.2,20.34
116,108-VN-T01,Pre-PQ Process,SCMS-759,ASN-632,Vietnam,PMO - US,Direct Drop,FCA,Air,Pre-PQ Process,7/4/2007,27-Aug-07,27-Aug-07,27-Aug-07,ARV,Adult,ABBVIE LOGISTICS (FORMERLY ABBOTT LOGISTICS BV),"Lopinavir/Ritonavir 200/50mg [Aluvia], tablets, 120 Tabs",Lopinavir/Ritonavir,Aluvia,200/50mg,Tablet,120,500,41095.0,82.19,0.68,ABBVIE Ludwigshafen Germany,Yes,117,1767.38,65.75
9039,116-ZA-T01,Pre-PQ Process,SCMS-41190,ASN-3732,South Africa,PMO - US,Direct Drop,DDP,Air,Pre-PQ Process,Date Not Captured,30-Mar-09,21-Jan-09,21-Jan-09,ARV,Adult,S. BUYS WHOLESALER,"Lopinavir/Ritonavir 200/50mg [Aluvia], tablets, 120 Tabs",Lopinavir/Ritonavir,Aluvia,200/50mg,Tablet,120,200,6182.0,30.91,0.26,ABBVIE Ludwigshafen Germany,No,Weight Captured Separately,Freight Included in Commodity Cost,12.12
12399,111-MZ-T01,Pre-PQ Process,SO-944,DN-310,Mozambique,PMO - US,From RDC,N/A - From RDC,Air,Pre-PQ Process,N/A - From RDC,21-Sep-07,21-Sep-07,21-Sep-07,HRDT,HIV test,SCMS from RDC,"HIV 1/2, Uni-Gold HIV Kit, 20 Tests","HIV 1/2, Uni-Gold HIV Kit",Uni-Gold,,Test kit,20,2500,80000.0,32.0,1.6,"Trinity Biotech, Plc",Yes,841,3818.4,128.0
84337,101-CD-T30,FPQ-13554,SO-47630,DN-3561,"Congo, DRC",PMO - US,From RDC,N/A - From RDC,Air,1/15/2014,N/A - From RDC,30-May-14,19-May-14,26-Jun-14,ARV,Pediatric,SCMS from RDC,"Nevirapine 10mg/ml, oral suspension w/syringe, Bottle, 240 ml",Nevirapine,Generic,10mg/ml,Oral suspension,240,440,818.4,1.86,0.01,"Aurobindo Unit III, India",No,See DN-3561 (ID#:82654),See DN-3561 (ID#:82654),0.84
53878,101-CD-T30,FPQ-16001,SCMS-280210,ASN-31750,"Congo, DRC",PMO - US,Direct Drop,EXW,Air,3/10/2015,3/16/2015,2-Jul-15,2-Jul-15,30-Jul-15,HRDT,HIV test,"Trinity Biotech, Plc","HIV 1/2, Uni-Gold HIV Kit, 20 Tests","HIV 1/2, Uni-Gold HIV Kit",Uni-Gold,,Test kit,20,40,1280.0,32.0,1.6,"Trinity Biotech, Plc",No,See ASN-31750 (ID#:19272),See ASN-31750 (ID#:19272),1.51
83161,151-NG-T30,FPQ-11771,SO-44750,DN-3320,Nigeria,PMO - US,From RDC,N/A - From RDC,Air Charter,2/28/2013,N/A - From RDC,20-Sep-13,12-Sep-13,12-Sep-13,ARV,Adult,SCMS from RDC,"Lamivudine/Nevirapine/Zidovudine 150/200/300mg, tablets, 60 Tabs",Lamivudine/Nevirapine/Zidovudine,Generic,150/300/200mg,Tablet - FDC,60,251047,2153983.26,8.58,0.14,Mylan (formerly Matrix) Nashik,Yes,36448,34218.36,2664.48
83616,104-CI-T30,FPQ-9261,SO-41490,DN-2809,Côte d'Ivoire,PMO - US,From RDC,N/A - From RDC,Truck,1/30/2012,N/A - From RDC,17-Sep-12,27-Aug-12,27-Aug-12,ARV,Adult,SCMS from RDC,"Lopinavir/Ritonavir 200/50mg, tablets, 120 Tabs",Lopinavir/Ritonavir,Generic,200/50mg,Tablet,120,25597,750248.07,29.31,0.24,Mylan (formerly Matrix) Nashik,Yes,9790,20786.04,1051.85
18022,101-CD-T30,FPQ-16001,SCMS-280220,ASN-32231,"Congo, DRC",PMO - US,Direct Drop,EXW,Air,3/10/2015,3/17/2015,23-Jul-15,23-Jul-15,29-Jul-15,HRDT,HIV test,"Orgenics, Ltd","HIV 1/2, Determine Complete HIV Kit, 100 Tests","HIV 1/2, Determine Complete HIV Kit",Determine,,Test kit,100,137,10960.0,80.0,0.8,"Alere Medical Co., Ltd.",No,See ASN-32231 (ID#:13648),See ASN-32231 (ID#:13648),12.9
86604,102-DO-T30,FPQ-12902,SO-46510,DN-3325,Dominican Republic,PMO - US,From RDC,N/A - From RDC,Air,8/29/2013,N/A - From RDC,26-Sep-13,21-May-13,18-Nov-14,ARV,Adult,SCMS from RDC,"Lopinavir/Ritonavir 200/50mg, [DON] tablets, 120 Tabs",Lopinavir/Ritonavir,Generic,200/50mg,Tablet,120,93,0.0,0.0,0.0,Mylan (formerly Matrix) Nashik,Yes,Weight Captured Separately,Invoiced Separately,0.0
21540,116-ZA-T30,FPQ-12522,SCMS-199289,ASN-28036,South Africa,PMO - US,Direct Drop,DDP,Truck,7/11/2013,8/29/2014,29-Aug-14,29-Aug-14,29-Aug-14,ARV,Adult,S. BUYS WHOLESALER,"Zidovudine 300mg, tablets, 60 Tabs",Zidovudine,Generic,300mg,Tablet,60,17,460.89,27.11,0.45,"Aurobindo Unit III, India",No,Weight Captured Separately,Freight Included in Commodity Cost,0.57
55474,104-CI-T30,FPQ-3967,SCMS-52710,ASN-5582,Côte d'Ivoire,PMO - US,Direct Drop,CIP,Air,8/21/2009,9/25/2009,18-Dec-09,18-Dec-09,18-Dec-09,ARV,Adult,MERCK SHARP & DOHME IDEA GMBH (FORMALLY MERCK SHARP & DOHME B.V.),"Efavirenz/Emtricitabine/Tenofovir Disoproxil Fumarate 600/200/300mg [Atripla], tablets, 30 Tabs",Efavirenz/Emtricitabine/Tenofovir Disoproxil Fumarate,Atripla,600/200/300mg,Tablet - FDC,30,5320,268128.0,50.4,1.68,"MSD, Haarlem, NL",Yes,464,30,525.53
86151,114-UG-T30,FPQ-14396,SO-48993,DN-4041,Uganda,PMO - US,From RDC,N/A - From RDC,Truck,6/4/2014,N/A - From RDC,16-Feb-15,24-Jan-15,3-Feb-15,ARV,Adult,SCMS from RDC,"Efavirenz 600mg, tablets, 30 Tabs",Efavirenz,Generic,600mg,Tablet,30,7500,24075.0,3.21,0.11,Hetero Unit III Hyderabad IN,No,See DN-4041 (ID#:83291),See DN-4041 (ID#:83291),24.75
6417,116-ZA-T01,Pre-PQ Process,SCMS-41586,ASN-4387,South Africa,PMO - US,Direct Drop,DDP,Air,Pre-PQ Process,3/27/2009,25-Jun-09,15-Apr-09,15-Apr-09,ARV,Pediatric,S. BUYS WHOLESALER,"Nevirapine 10mg/ml, oral suspension, Bottle, 240 ml",Nevirapine,Generic,10mg/ml,Oral suspension,240,150,1407.0,9.38,0.04,"Aurobindo Unit III, India",No,Weight Captured Separately,Freight Included in Commodity Cost,2.76
84063,104-CI-T30,FPQ-6144,SO-38400,DN-2123,Côte d'Ivoire,PMO - US,From RDC,N/A - From RDC,Air,8/3/2010,N/A - From RDC,31-Mar-11,15-Mar-11,15-Mar-11,ARV,Adult,SCMS from RDC,"Efavirenz 600mg, tablets, 30 Tabs",Efavirenz,Generic,600mg,Tablet,30,57456,255679.2,4.45,0.15,Mylan (formerly Matrix) Nashik,Yes,4720,18611.92,551.24
84925,106-HT-T30,FPQ-13648,SO-47820,DN-3682,Haiti,PMO - US,From RDC,N/A - From RDC,Air,2/3/2014,N/A - From RDC,30-Apr-14,12-May-14,24-Jun-14,ARV,Pediatric,SCMS from RDC,"Lamivudine/Nevirapine/Zidovudine 30/50/60mg, dispersible tablets, 60 Tabs",Lamivudine/Nevirapine/Zidovudine,Generic,30/50/60mg,Chewable/dispersible tablet - FDC,60,2581,9678.75,3.75,0.06,"Strides, Bangalore, India.",Yes,110,1955.22,9.95
84531,104-CI-T30,FPQ-4378,SO-34410,DN-1662,Côte d'Ivoire,PMO - US,From RDC,N/A - From RDC,Air,10/15/2009,N/A - From RDC,9-Mar-10,1-Mar-10,1-Mar-10,ARV,Adult,SCMS from RDC,"Lamivudine/Zidovudine 150/300mg, tablets, 60 Tabs",Lamivudine/Zidovudine,Generic,150/300mg,Tablet - FDC,60,6584,57675.84,8.76,0.15,Mylan (formerly Matrix) Nashik,No,See DN-1662 (ID#:83981),See DN-1662 (ID#:83981),113.04
83027,104-CI-T30,FPQ-8787,SO-41150,DN-2623,Côte d'Ivoire,PMO - US,From RDC,N/A - From RDC,Air,11/11/2011,N/A - From RDC,16-Apr-12,11-Apr-12,11-Apr-12,ARV,Pediatric,SCMS from RDC,"Didanosine 200mg, delayed-release capsules, 30 Caps",Didanosine,Generic,200mg,Delayed-release capsules,30,1235,13585.0,11.0,0.37,"Aurobindo Unit III, India",Yes,649,1191.02,19.05
6595,110-ZM-T01,Pre-PQ Process,SCMS-38,ASN-25,Zambia,PMO - US,Direct Drop,FCA,Air,Pre-PQ Process,Date Not Captured,28-Aug-06,28-Aug-06,28-Aug-06,HRDT,HIV test,Abbott GmbH & Co. KG,"HIV 1/2, Determine Complete HIV Kit, 100 Tests","HIV 1/2, Determine Complete HIV Kit",Determine,,Test kit,100,500,40000.0,80.0,0.8,ABBVIE GmbH & Co.KG Wiesbaden,Yes,171,1187.19,
49085,102-SD-T30,FPQ-8264,SCMS-121840,ASN-12828,Sudan,PMO - US,Direct Drop,EXW,Air,9/7/2011,9/14/2011,6-Jan-12,6-Jan-12,6-Jan-12,HRDT,HIV test - Ancillary,"Orgenics, Ltd","Capillary Tubes, for Determine, EDTA, 50uL,100 Pcs","HIV, Capillary Tubes, for Determine, EDTA, 50uL,100 Pcs",Determine,,Test kit - Ancillary,100,4,32.0,8.0,0.08,"Alere Medical Co., Ltd.",Yes,2,942.64,0.05
1295,111-MZ-T01,Pre-PQ Process,SCMS-211,ASN-229,Mozambique,PMO - US,Direct Drop,CIP,Air,Pre-PQ Process,11/17/2006,15-Feb-07,15-Feb-07,15-Feb-07,ARV,Adult,ABBVIE LOGISTICS (FORMERLY ABBOTT LOGISTICS BV),"Lopinavir/Ritonavir 200/50mg [Aluvia], tablets, 120 Tabs",Lopinavir/Ritonavir,Aluvia,200/50mg,Tablet,120,80,3288.0,41.1,0.34,ABBSP,Yes,25,Freight Included in Commodity Cost,
35566,116-ZA-T30,FPQ-14942,SCMS-259075,ASN-32122,South Africa,PMO - US,Direct Drop,DDP,Truck,9/11/2014,5/11/2015,12-May-15,12-May-15,12-May-15,ARV,Adult,PHARMACY DIRECT,"Lamivudine/Zidovudine 150/300mg, tablets, 60 Tabs",Lamivudine/Zidovudine,Generic,150/300mg,Tablet - FDC,60,19,406.76,21.41,0.36,"Aurobindo Unit III, India",No,Weight Captured Separately,Freight Included in Commodity Cost,0.42
43693,110-ZM-T30,FPQ-15075,SCMS-260230,ASN-30881,Zambia,PMO - US,Direct Drop,EXW,Air,10/15/2014,10/22/2014,29-May-15,29-May-15,2-Jun-15,HRDT,HIV test,"Trinity Biotech, Plc","HIV 1/2, Uni-Gold HIV Kit, 20 Tests","HIV 1/2, Uni-Gold HIV Kit",Uni-Gold,,Test kit,20,8000,256000.0,32.0,1.6,"Trinity Biotech, Plc",Yes,2328,14581.51,301.31
76340,104-CI-T30,FPQ-4518,SCMS-56980,ASN-5819,Côte d'Ivoire,PMO - US,Direct Drop,EXW,Air,11/4/2009,11/13/2009,26-Jan-10,26-Jan-10,26-Jan-10,HRDT,HIV test,BIO-RAD LABORATORIES (FRANCE),"#108853** HIV, Genie II HIV-1/HIV-2 Kit, 40 Tests","HIV, Genie II HIV-1/HIV-2 Kit",Genie,,Test kit,40,2400,264000.0,110.0,2.75,Bio-Rad Laboratories,Yes,2635,19145.8,569.18
18811,104-CI-T30,FPQ-12806,SCMS-206530,ASN-24149,Côte d'Ivoire,PMO - US,Direct Drop,FCA,Air,8/9/2013,9/17/2013,7-Feb-14,7-Feb-14,10-Feb-14,ARV,Pediatric,ABBVIE LOGISTICS (FORMERLY ABBOTT LOGISTICS BV),"Lopinavir/Ritonavir 100/25mg [Aluvia], tablets, 60 Tabs",Lopinavir/Ritonavir,Generic,100/25mg,Tablet,60,4600,27324.0,5.94,0.1,ABBVIE Ludwigshafen Germany,Yes,535,5924.33,33.8
28617,104-CI-T30,FPQ-8209,SCMS-124120,ASN-12957,Côte d'Ivoire,PMO - US,Direct Drop,EXW,Air,8/11/2011,10/5/2011,14-Dec-11,14-Dec-11,14-Dec-11,HRDT,HIV test,"Orgenics, Ltd","HIV 1/2, Determine Complete HIV Kit, 100 Tests","HIV 1/2, Determine Complete HIV Kit",Determine,,Test kit,100,1384,110720.0,80.0,0.8,"Alere Medical Co., Ltd.",Yes,661,13740.74,182.69
8760,141-NA-T01,Pre-PQ Process,SCMS-32420,ASN-3079,Namibia,PMO - US,Direct Drop,EXW,Air,Pre-PQ Process,10/24/2008,14-Jan-09,14-Jan-09,14-Jan-09,HRDT,HIV test,"Trinity Biotech, Plc","HIV 1/2, Uni-Gold HIV Kit, 20 Tests","HIV 1/2, Uni-Gold HIV Kit",Uni-Gold,,Test kit,20,35,1120.0,32.0,1.6,"Trinity Biotech, Plc",Yes,12,585.12,2.2
86523,110-ZM-T30,FPQ-9773,SO-41993,DN-2884,Zambia,PMO - US,From RDC,N/A - From RDC,Truck,4/27/2012,N/A - From RDC,31-Oct-12,19-Oct-12,19-Oct-12,ARV,Adult,SCMS from RDC,"Nevirapine 200mg, tablets, 60 Tabs",Nevirapine,Generic,200mg,Tablet,60,45531,111095.64,2.44,0.04,Hetero Unit III Hyderabad IN,No,See DN-2884 (ID#:85312),See DN-2884 (ID#:85312),155.76
33654,116-ZA-T30,FPQ-13973,SCMS-238551,ASN-26882,South Africa,PMO - US,Direct Drop,DDP,Truck,4/30/2014,6/25/2014,25-Jun-14,25-Jun-14,25-Jun-14,ARV,Adult,PHARMACY DIRECT,"Lamivudine/Zidovudine 150/300mg, tablets, 60 Tabs",Lamivudine/Zidovudine,Generic,150/300mg,Tablet - FDC,60,18,561.46,31.19,0.52,"Aurobindo Unit III, India",No,Weight Captured Separately,Freight Included in Commodity Cost,0.58
5304,109-TZ-T01,Pre-PQ Process,SCMS-367,ASN-221,Tanzania,PMO - US,Direct Drop,EXW,Air,Pre-PQ Process,1/25/2007,23-Mar-07,23-Mar-07,23-Mar-07,HRDT,HIV test,"Trinity Biotech, Plc","HIV 1/2, Capillus HIV Kit, 100 Tests","HIV 1/2, Capillus HIV Kit",Capillus,,Test kit,100,700,97300.0,139.0,1.39,"Trinity Biotech, Plc",Yes,488,3114.08,
1360,108-VN-T01,Pre-PQ Process,SCMS-754,ASN-926,Vietnam,PMO - US,Direct Drop,EXW,Air,Pre-PQ Process,7/4/2007,23-Nov-07,23-Nov-07,23-Nov-07,ARV,Adult,Aurobindo Pharma Limited,"Efavirenz 600mg, tablets, 30 Tabs",Efavirenz,Generic,600mg,Tablet,30,22500,277425.0,12.33,0.41,"Aurobindo Unit III, India",Yes,1955,16095.39,443.88
86694,113-ZW-T30,FPQ-13508,SO-47541,DN-3771,Zimbabwe,PMO - US,From RDC,N/A - From RDC,Truck,12/24/2013,N/A - From RDC,30-Sep-14,20-Jun-14,7-Jul-14,ARV,Adult,SCMS from RDC,"Nevirapine 200mg, tablets, 60 Tabs",Nevirapine,Generic,200mg,Tablet,60,178097,402499.22,2.26,0.04,Hetero Unit III Hyderabad IN,No,See DN-3771 (ID#:84943),See DN-3771 (ID#:84943),413.77
19177,104-CI-T30,FPQ-12133,SCMS-188291,ASN-22377,Côte d'Ivoire,PMO - US,Direct Drop,EXW,Air,4/18/2013,5/21/2013,13-Nov-13,13-Nov-13,14-Nov-13,HRDT,HIV test,"Orgenics, Ltd","HIV 1/2, Determine Complete HIV Kit, 100 Tests","HIV 1/2, Determine Complete HIV Kit",Determine,,Test kit,100,4400,352000.0,80.0,0.8,"Alere Medical Co., Ltd.",Yes,1033,24728.57,435.42
6106,117-ET-T01,Pre-PQ Process,SCMS-32410,ASN-2903,Ethiopia,PMO - US,Direct Drop,EXW,Air,Pre-PQ Process,10/22/2008,30-Jan-09,24-Nov-08,24-Nov-08,HRDT,HIV test,"CHEMBIO DIAGNOSTIC SYSTEMS, INC.","HIV 1/2, Stat-Pak HIV, Kit, 20 Tests","HIV 1/2, Stat-Pak HIV, Kit",Stat-Pak,,Test kit,20,8964,242028.0,27.0,1.35,Chembio Diagnostics Sys. Inc.,Yes,3231,15619.2,474.37
82558,151-NG-T30,FPQ-10477,SO-43048,DN-3039,Nigeria,PMO - US,From RDC,N/A - From RDC,Air Charter,8/9/2012,N/A - From RDC,15-Mar-13,21-Feb-13,21-Feb-13,ARV,Adult,SCMS from RDC,"Efavirenz/Emtricitabine/Tenofovir Disoproxil Fumarate 600/200/300mg, tablets, 30 Tabs",Efavirenz/Emtricitabine/Tenofovir Disoproxil Fumarate,Generic,600/200/300mg,Tablet - FDC,30,105014,1437641.66,13.69,0.46,Mylan (formerly Matrix) Nashik,Yes,13392,37242.5,2015.57
38831,106-HT-T30,FPQ-7438,SCMS-106610,ASN-10879,Haiti,PMO - US,Direct Drop,EXW,Air,3/29/2011,4/20/2011,6-Jun-11,6-Jun-11,6-Jun-11,HRDT,HIV test,"SHANGHAI KEHUA BIOENGINEERING CO.,LTD.  (KHB)","HIV 1/2, SKB Colloidal Gold, Diagnostic Kit, Antibody, 50 Tests","HIV 1/2, Colloidal Gold, Diagnostic Kit, Antibody",Colloidal Gold,,Test kit,1,260,5980.0,23.0,23.0,"KHB Test Kit Facility, Shanghai China",Yes,197,2708.04,9.87
83954,123-NG-T30,FPQ-4395,SO-32971,DN-1493,Nigeria,PMO - US,From RDC,N/A - From RDC,Air Charter,7/27/2009,N/A - From RDC,18-Dec-09,20-Nov-09,20-Nov-09,ARV,Adult,SCMS from RDC,"Zidovudine 300mg, tablets, 60 Tabs",Zidovudine,Generic,300mg,Tablet,60,8383,63123.99,7.53,0.13,"Aurobindo Unit III, India",No,See DN-1493 (ID#:83374),See DN-1493 (ID#:83374),123.72
78603,108-VN-T30,FPQ-7565,SCMS-107660,ASN-12154,Vietnam,PMO - US,Direct Drop,EXW,Air,4/21/2011,5/2/2011,18-Oct-11,18-Oct-11,18-Oct-11,ARV,Adult,HETERO LABS LIMITED,"Stavudine 30mg, capsules, 60 Caps",Stavudine,Generic,30mg,Capsule,60,18000,26100.0,1.45,0.02,Hetero Unit III Hyderabad IN,Yes,1390,11311.6,43.06
83511,111-MZ-T30,FPQ-7053,SO-40070,DN-2270,Mozambique,PMO - US,From RDC,N/A - From RDC,Truck,1/24/2011,N/A - From RDC,31-Aug-11,5-Sep-11,5-Sep-11,ARV,Adult,SCMS from RDC,"Lamivudine/Zidovudine 150/300mg, tablets, 60 Tabs",Lamivudine/Zidovudine,Generic,150/300mg,Tablet - FDC,60,15048,128660.4,8.55,0.14,"Aurobindo Unit III, India",Yes,1391,3525.04,212.29
73211,114-UG-T30,FPQ-12290,SCMS-192070,ASN-21522,Uganda,PMO - US,Direct Drop,FCA,Air,5/17/2013,6/13/2013,23-Sep-13,23-Sep-13,23-Sep-13,ARV,Adult,ABBVIE LOGISTICS (FORMERLY ABBOTT LOGISTICS BV),"Ritonavir 100mg [Norvir], film coated tablets, 60 Tabs",Ritonavir,Norvir,100mg,Tablet,60,210,1438.5,6.85,0.11,ABBVIE Ludwigshafen Germany,Yes,32,852.02,1.78
10771,104-CI-T01,Pre-PQ Process,SO-21881,DN-1242,Côte d'Ivoire,PMO - US,From RDC,N/A - From RDC,Air,Pre-PQ Process,N/A - From RDC,17-Jun-09,17-Jun-09,17-Jun-09,ARV,Adult,SCMS from RDC,"Nevirapine 200mg, tablets, 60 Tabs",Nevirapine,Generic,200mg,Tablet,60,5601,16803.0,3.0,0.05,"Aurobindo Unit III, India",Yes,545,2280.64,32.93
84348,105-GY-T30,FPQ-13071,SO-46800,DN-3585,Guyana,PMO - US,From RDC,N/A - From RDC,Air,10/9/2013,N/A - From RDC,31-Mar-14,3-Apr-14,6-Jun-14,ARV,Adult,SCMS from RDC,"Lamivudine/Zidovudine 150/300mg, tablets, 60 Tabs",Lamivudine/Zidovudine,Generic,150/300mg,Tablet - FDC,60,287,2009.0,7.0,0.12,Mylan (formerly Matrix) Nashik,No,See DN-3585 (ID#:83223),See DN-3585 (ID#:83223),2.07
82920,109-TZ-T30,FPQ-6226,SO-37310,DN-2024,Tanzania,PMO - US,From RDC,N/A - From RDC,Truck,8/16/2010,N/A - From RDC,29-Oct-10,29-Oct-10,29-Oct-10,ARV,Adult,SCMS from RDC,"Efavirenz 600mg, tablets, 30 Tabs",Efavirenz,Generic,600mg,Tablet,30,90000,400500.0,4.45,0.15,Mylan (formerly Matrix) Nashik,Yes,7397,28022.17,863.48
86310,104-CI-T30,FPQ-5623,SO-36861,DN-1872,Côte d'Ivoire,PMO - US,From RDC,N/A - From RDC,Air,5/7/2010,N/A - From RDC,5-Jul-10,30-Jun-10,30-Jun-10,ARV,Adult,SCMS from RDC,"Lamivudine/Stavudine 150/30mg, tablets, 60 Tabs",Lamivudine/Stavudine,Generic,150/30mg,Tablet - FDC,60,8021,26308.88,3.28,0.05,"Cipla, Goa, India",Yes,611,17117.51,56.72
3899,116-ZA-T01,Pre-PQ Process,SCMS-47070,ASN-4940,South Africa,PMO - US,Direct Drop,DDP,Truck,Pre-PQ Process,6/5/2009,8-Sep-09,31-Aug-09,31-Aug-09,ARV,Adult,S. BUYS WHOLESALER,"Tenofovir Disoproxil Fumarate 300mg [Viread], tablets, 30 Tabs",Tenofovir Disoproxil Fumarate,Viread,300mg,Tablet,30,300,7440.0,24.8,0.83,"Aspen-OSD, Port Elizabeth, SA",Yes,Weight Captured Separately,Freight Included in Commodity Cost,14.58
82487,151-NG-T30,FPQ-9432,SO-41682,DN-2729,Nigeria,PMO - US,From RDC,N/A - From RDC,Air Charter,3/1/2012,N/A - From RDC,2-Aug-12,9-Jul-12,9-Jul-12,ARV,Adult,SCMS from RDC,"Efavirenz 600mg, tablets, 30 Tabs",Efavirenz,Generic,600mg,Tablet,30,50000,190500.0,3.81,0.13,Hetero Unit III Hyderabad IN,Yes,4944,21347.13,267.08
86614,104-CI-T30,FPQ-12712,SO-46300,DN-3372,Côte d'Ivoire,PMO - US,From RDC,N/A - From RDC,Truck,7/30/2013,N/A - From RDC,4-Nov-13,22-Oct-13,19-Nov-13,ARV,Adult,SCMS from RDC,"Abacavir/Lamivudine 600/300mg, scored tablets, 30 Tabs",Abacavir/Lamivudine,Generic,600/300mg,Tablet - FDC,30,3400,45968.0,13.52,0.45,Mylan (formerly Matrix) Nashik,Yes,247,2414.89,56.86
2447,116-ZA-T01,Pre-PQ Process,SCMS-41450,ASN-4362,South Africa,PMO - US,Direct Drop,DDP,Truck,Pre-PQ Process,3/18/2009,17-Apr-09,17-Apr-09,17-Apr-09,ARV,Pediatric,S. BUYS WHOLESALER,"Efavirenz 200mg [Stocrin/Sustiva], capsule, 90 Caps",Efavirenz,Stocrin/Sustiva,200mg,Capsule,90,5000,160900.0,32.18,0.36,"MSD Midrand, J'burg, SA",Yes,Weight Captured Separately,Freight Included in Commodity Cost,315.36
26265,103-ZW-T30,FPQ-15220,SCMS-261590,ASN-31188,Zimbabwe,PMO - US,Direct Drop,FCA,Air,10/27/2014,10/30/2014,7-May-15,7-May-15,7-May-15,ARV,Pediatric,ABBVIE LOGISTICS (FORMERLY ABBOTT LOGISTICS BV),"Lopinavir/Ritonavir 80/20mg/ml [Kaletra], oral solution, cool, Bottle 5 x 60 ml",Lopinavir/Ritonavir,Kaletra,80/20mg/ml,Oral solution,300,2626,80933.32,30.82,0.1,ABBVIE (Abbott) Logis. UK,Yes,2584,20480.64,95.26
2147,117-ET-T01,Pre-PQ Process,SCMS-32640,ASN-2935,Ethiopia,PMO - US,Direct Drop,EXW,Air,Pre-PQ Process,10/27/2008,3-Dec-08,3-Dec-08,3-Dec-08,HRDT,HIV test,"SHANGHAI KEHUA BIOENGINEERING CO.,LTD.  (KHB)","HIV 1/2, SKB Colloidal Gold, Diagnostic Kit, Antibody, 50 Tests","HIV 1/2, Colloidal Gold, Diagnostic Kit, Antibody",Colloidal Gold,,Test kit,1,3510,80730.0,23.0,23.0,"KHB Test Kit Facility, Shanghai China",Yes,2535,22433.91,158.23
48065,161-ZA-T30,FPQ-5303,SCMS-68952,ASN-7506,South Africa,PMO - US,Direct Drop,DDP,Air,3/18/2010,3/19/2010,24-Aug-10,24-Aug-10,24-Aug-10,ARV,Pediatric,Aurobindo Pharma Limited,"Lamivudine 10mg/ml, oral solution w/syringe, Bottle, 240 ml",Lamivudine,Generic,10mg/ml,Oral solution,240,11668,35004.0,3.0,0.01,"Aurobindo Unit III, India",Yes,4396,3283.59,75.47
11492,125-HT-T01,Pre-PQ Process,SO-1290,DN-444,Haiti,PMO - US,From RDC,N/A - From RDC,Air,Pre-PQ Process,N/A - From RDC,31-Dec-07,31-Dec-07,31-Dec-07,HRDT,HIV test,SCMS from RDC,"HIV 1/2, Determine HIV Kit, without Lancets, 100 Tests","HIV 1/2, Determine HIV Kit, without Lancets",Determine,,Test kit,100,25,1800.0,72.0,0.72,Inverness Japan,No,See DN-444 (ID#:10639),See DN-444 (ID#:10639),2.88
83487,104-CI-T30,FPQ-6891,SO-38710,DN-2120,Côte d'Ivoire,PMO - US,From RDC,N/A - From RDC,Air,12/21/2010,N/A - From RDC,28-Feb-11,28-Feb-11,28-Feb-11,ARV,Adult,SCMS from RDC,"Stavudine 30mg, capsules, 60 Caps",Stavudine,Generic,30mg,Capsule,60,2070,2898.0,1.4,0.02,"Aurobindo Unit III, India",Yes,176,1653.99,4.78
19335,102-SD-T30,FPQ-8264,SCMS-121850,ASN-13536,Sudan,PMO - US,Direct Drop,EXW,Air,9/7/2011,9/14/2011,20-Feb-12,20-Feb-12,20-Feb-12,HRDT,HIV test - Ancillary,"Orgenics, Ltd","Capillary Tubes, for Determine, EDTA, 50uL,100 Pcs","HIV, Capillary Tubes, for Determine, EDTA, 50uL,100 Pcs",Determine,,Test kit - Ancillary,100,3,24.0,8.0,0.08,"Alere Medical Co., Ltd.",Yes,2,1076.15,0.04
86522,109-TZ-T30,FPQ-9774,SO-42650,DN-2883,Tanzania,PMO - US,From RDC,N/A - From RDC,Truck,5/2/2012,N/A - From RDC,30-Nov-12,31-Oct-12,31-Oct-12,ARV,Adult,SCMS from RDC,"Emtricitabine/Tenofovir Disoproxil Fumarate 200/300mg, tablets, 30 Tabs",Emtricitabine/Tenofovir Disoproxil Fumarate,Generic,200/300mg,Tablet - FDC,30,43040,283633.6,6.59,0.22,Mylan (formerly Matrix) Nashik,No,See DN-2883 (ID#:83630),See DN-2883 (ID#:83630),397.65
11924,107-RW-T01,Pre-PQ Process,SO-23000,DN-1074,Rwanda,PMO - US,From RDC,N/A - From RDC,Air,Pre-PQ Process,N/A - From RDC,6-Feb-09,6-Feb-09,6-Feb-09,ARV,Adult,SCMS from RDC,"Lamivudine 150mg, tablets, 60 Tabs",Lamivudine,Generic,150mg,Tablet,60,10530,25693.2,2.44,0.04,"Aurobindo Unit III, India",Yes,544,5029.05,50.36
74502,106-HT-T30,FPQ-11304,SCMS-176451,ASN-19216,Haiti,PMO - US,Direct Drop,DAP,Truck,1/22/2013,2/12/2013,12-Apr-13,12-Apr-13,12-Apr-13,HRDT,HIV test,REINBOLD EXPORT IMPORT,"HIV 1/2, Determine Complete HIV Kit, 100 Tests","HIV 1/2, Determine Complete HIV Kit",Determine,,Test kit,100,11,1375.0,125.0,1.25,"Alere Medical Co., Ltd.",Yes,Weight Captured Separately,Freight Included in Commodity Cost,1.7
10803,104-CI-T01,Pre-PQ Process,SO-1688,DN-1557,Côte d'Ivoire,PMO - US,From RDC,N/A - From RDC,Air,Date Not Captured,N/A - From RDC,20-Dec-09,20-Dec-09,20-Dec-09,ARV,Adult,SCMS from RDC,"Saquinavir 200mg [Invirase], capsules, 270 Caps",Saquinavir,Invirase,200mg,Capsule,270,1042,82463.88,79.14,0.29,Roche Basel,Yes,Weight Captured Separately,Invoiced Separately,177.79
85963,104-CI-T30,FPQ-11253,SO-44160,DN-3135,Côte d'Ivoire,PMO - US,From RDC,N/A - From RDC,Truck,12/14/2012,N/A - From RDC,28-Jun-13,30-Apr-13,30-Apr-13,ARV,Pediatric,SCMS from RDC,"Abacavir/Lamivudine 60/30mg, tablets, 60 Tabs",Abacavir/Lamivudine,Generic,60/30mg,Tablet - FDC,60,2600,11960.0,4.6,0.08,"Aurobindo Unit III, India",Yes,122,1799.58,14.79
84869,105-GY-T30,FPQ-12619,SO-46090,DN-3425,Guyana,PMO - US,From RDC,N/A - From RDC,Air,7/16/2013,N/A - From RDC,31-Dec-13,2-Dec-13,20-Dec-13,ARV,Pediatric,SCMS from RDC,"Zidovudine 10mg/ml, oral solution w/syringe, Bottle, 240 ml",Zidovudine,Generic,10mg/ml,Oral solution,240,225,472.5,2.1,0.01,"Aurobindo Unit III, India",No,See DN-3425 (ID#:82618),See DN-3425 (ID#:82618),0.58
84565,106-HT-T30,FPQ-4384,SO-34650,DN-1833,Haiti,PMO - US,From RDC,N/A - From RDC,Air,10/23/2009,N/A - From RDC,19-May-10,19-May-10,19-May-10,ARV,Adult,SCMS from RDC,"Efavirenz 600mg, tablets, 30 Tabs",Efavirenz,Generic,600mg,Tablet,30,34080,161880.0,4.75,0.16,"Aurobindo Unit III, India",Yes,3318,23890.83,349.01
86536,104-CI-T30,FPQ-10626,SO-43290,DN-2959,Côte d'Ivoire,PMO - US,From RDC,N/A - From RDC,Truck,9/6/2012,N/A - From RDC,27-Feb-13,14-Jan-13,14-Jan-13,ARV,Adult,SCMS from RDC,"Abacavir/Lamivudine 600/300mg, scored tablets, 30 Tabs",Abacavir/Lamivudine,Generic,600/300mg,Tablet - FDC,30,1800,40500.0,22.5,0.75,"Aurobindo Unit III, India",Yes,174,2148.5,56.78
80141,109-TZ-T30,FPQ-3782,SCMS-47760,ASN-4974,Tanzania,PMO - US,Direct Drop,CIP,Air,6/11/2009,6/29/2009,21-Oct-09,21-Oct-09,21-Oct-09,ARV,Adult,BRISTOL-MYERS SQUIBB,"Didanosine EC 400mg [Videx EC], delayed-release capsules, Blister 3 x 10 Caps",Didanosine EC,Videx EC,400mg,Delayed-release capsules - blister,30,6900,163323.0,23.67,0.79,"BMS Meymac, France",No,See ASN-4974 (ID#:18694),See ASN-4974 (ID#:18694),320.11
84299,104-CI-T30,FPQ-11253,SO-44210,DN-3371,Côte d'Ivoire,PMO - US,From RDC,N/A - From RDC,Truck,12/14/2012,N/A - From RDC,31-Oct-13,22-Oct-13,19-Nov-13,ARV,Adult,SCMS from RDC,"Lamivudine/Nevirapine/Zidovudine 150/200/300mg, tablets, 60 Tabs",Lamivudine/Nevirapine/Zidovudine,Generic,150/300/200mg,Tablet - FDC,60,14300,118118.0,8.26,0.14,"Cipla, Goa, India",No,See DN-3371 (ID#:83174),See DN-3371 (ID#:83174),146.11
12783,104-CI-T01,Pre-PQ Process,SO-2045,DN-761,Côte d'Ivoire,PMO - US,From RDC,N/A - From RDC,Air,Pre-PQ Process,N/A - From RDC,2-Jun-08,2-Jun-08,2-Jun-08,ARV,Pediatric,SCMS from RDC,"Nevirapine 10mg/ml, oral suspension, Bottle, 240 ml",Nevirapine,Generic,10mg/ml,Oral suspension,240,5536,10629.12,1.92,0.01,"Aurobindo Unit III, India",No,See DN-761 (ID#:10951),See DN-761 (ID#:10951),17.01
65191,109-TZ-T30,FPQ-4157,SCMS-52773,ASN-4977,Tanzania,PMO - US,Direct Drop,EXW,Air,8/27/2009,9/3/2009,17-Nov-09,17-Nov-09,17-Nov-09,HRDT,HIV test,"Trinity Biotech, Plc","HIV 1/2, Uni-Gold HIV Kit, 20 Tests","HIV 1/2, Uni-Gold HIV Kit",Uni-Gold,,Test kit,20,670,21440.0,32.0,1.6,"Trinity Biotech, Plc",Yes,234,3163.87,42.02
12613,151-NG-T01,Pre-PQ Process,SO-27820,DN-1440,Nigeria,PMO - US,From RDC,N/A - From RDC,Air Charter,Date Not Captured,N/A - From RDC,20-Oct-09,20-Oct-09,20-Oct-09,ARV,Adult,SCMS from RDC,"Emtricitabine/Tenofovir Disoproxil Fumarate 200/300mg, tablets, 30 Tabs",Emtricitabine/Tenofovir Disoproxil Fumarate,Generic,200/300mg,Tablet - FDC,30,121280,1425040.0,11.75,0.39,Mylan (formerly Matrix) Nashik,Yes,9813,9341.49,2793.08
14605,106-HT-T30,FPQ-11442,SCMS-177160,ASN-18905,Haiti,PMO - US,Direct Drop,EXW,Ocean,1/30/2013,3/7/2013,7-Aug-13,7-Aug-13,7-Aug-13,ARV,Adult,HETERO LABS LIMITED,"Efavirenz 600mg, tablets, 30 Tabs",Efavirenz,Generic,600mg,Tablet,30,71376,231258.24,3.24,0.11,"Hetero, Jadcherla, unit 5, IN",Yes,5864,7558.01,286.07
5058,116-ZA-T01,Pre-PQ Process,SCMS-41465,ASN-4614,South Africa,PMO - US,Direct Drop,DDP,Air,Pre-PQ Process,3/18/2009,25-Jun-09,25-Jun-09,25-Jun-09,ARV,Pediatric,S. BUYS WHOLESALER,"Lamivudine 10mg/ml, oral solution, Bottle, 240 ml",Lamivudine,Generic,10mg/ml,Oral solution,240,108,610.2,5.65,0.02,"Aurobindo Unit III, India",Yes,Weight Captured Separately,Freight Included in Commodity Cost,1.2
85241,151-NG-T30,FPQ-8952,SO-41265,DN-2567,Nigeria,PMO - US,From RDC,N/A - From RDC,Air Charter,12/8/2011,N/A - From RDC,20-Jun-12,16-Feb-12,16-Feb-12,ARV,Adult,SCMS from RDC,"Lamivudine 150mg, tablets, 60 Tabs",Lamivudine,Generic,150mg,Tablet,60,19501,45437.33,2.33,0.04,Hetero Unit III Hyderabad IN,Yes,2046,25231.96,63.7
56057,133-NG-T30,FPQ-16329,SCMS-289130,ASN-32957,Nigeria,PMO - US,Direct Drop,EXW,Air,5/7/2015,5/26/2015,14-Jul-15,14-Jul-15,14-Jul-15,HRDT,HIV test,"Orgenics, Ltd","HIV 1/2, Determine Complete HIV Kit, 100 Tests","HIV 1/2, Determine Complete HIV Kit",Determine,,Test kit,100,6388,568532.0,89.0,0.89,"Alere Medical Co., Ltd.",Yes,2590,Freight Included in Commodity Cost,669.16
11622,151-NG-T01,Pre-PQ Process,SO-21781,DN-1130,Nigeria,PMO - US,From RDC,N/A - From RDC,Air,Pre-PQ Process,N/A - From RDC,24-Mar-09,24-Mar-09,24-Mar-09,ARV,Adult,SCMS from RDC,"Emtricitabine/Tenofovir Disoproxil Fumarate 200/300mg [Truvada], tablets, 30 Tabs",Emtricitabine/Tenofovir Disoproxil Fumarate,Truvada,300/200mg,Tablet - FDC,30,143,3753.75,26.25,0.88,"Aspen-OSD, Port Elizabeth, SA",Yes,14,6443.61,7.36
10367,116-ZA-T01,Pre-PQ Process,SCMS-49550,ASN-4610,South Africa,PMO - US,Direct Drop,DDP,Truck,Pre-PQ Process,3/27/2009,25-Jun-09,25-Jun-09,25-Jun-09,ARV,Adult,S. BUYS WHOLESALER,"Lamivudine 150mg [Epivir], tablets, 60 Tabs",Lamivudine,Epivir,150mg,Tablet,60,7000,37520.0,5.36,0.09,GSK Cape Town Factory (South Africa),Yes,Weight Captured Separately,Freight Included in Commodity Cost,73.54
10364,116-ZA-T01,Pre-PQ Process,SCMS-41582,ASN-4304,South Africa,PMO - US,Direct Drop,DDP,Air,Pre-PQ Process,3/27/2009,25-Jun-09,8-Apr-09,8-Apr-09,ARV,Adult,S. BUYS WHOLESALER,"Zidovudine 300mg, tablets, 60 Tabs",Zidovudine,Generic,300mg,Tablet,60,1000,19760.0,19.76,0.33,"Aurobindo Unit III, India",No,Weight Captured Separately,Freight Included in Commodity Cost,38.73
7325,116-ZA-T01,Pre-PQ Process,SCMS-28830,ASN-2502,South Africa,PMO - US,Direct Drop,DDP,Truck,Pre-PQ Process,Date Not Captured,25-Aug-08,18-Aug-08,18-Aug-08,ARV,Adult,S. BUYS WHOLESALER,"Nevirapine 200mg, tablets, 60 Tabs",Nevirapine,Generic,200mg,Tablet,60,240,4860.0,20.25,0.34,"Cipla, Goa, India",No,Weight Captured Separately,Freight Included in Commodity Cost,7.78
65780,107-RW-T30,FPQ-10092,SCMS-149430,ASN-15379,Rwanda,PMO - US,Direct Drop,EXW,Air,6/4/2012,6/12/2012,20-Jul-12,20-Jul-12,20-Jul-12,ARV,Adult,HETERO LABS LIMITED,"Nevirapine 200mg, tablets, 60 Tabs",Nevirapine,Generic,200mg,Tablet,60,55710,130361.4,2.34,0.04,Hetero Unit III Hyderabad IN,Yes,3204,19625.64,182.77
12871,104-CI-T01,Pre-PQ Process,SO-27020,DN-1160,Côte d'Ivoire,PMO - US,From RDC,N/A - From RDC,Air,Pre-PQ Process,N/A - From RDC,20-Mar-09,20-Mar-09,20-Mar-09,ARV,Adult,SCMS from RDC,"Lamivudine 150mg, tablets, 60 Tabs",Lamivudine,Generic,150mg,Tablet,60,10000,30400.0,3.04,0.05,"Ranbaxy, Paonta Shahib, India",Yes,Weight Captured Separately,Invoiced Separately,59.58
83050,114-UG-T30,FPQ-9354,SO-41620,DN-2712,Uganda,PMO - US,From RDC,N/A - From RDC,Air,2/20/2012,N/A - From RDC,20-Jul-12,13-Jul-12,13-Jul-12,ARV,Adult,SCMS from RDC,"Tenofovir Disoproxil Fumarate 300mg, tablets, 30 Tabs",Tenofovir Disoproxil Fumarate,Generic,300mg,Tablet,30,1685,9267.5,5.5,0.18,"Aurobindo Unit III, India",Yes,137,1834.79,12.99
42275,102-GY-T30,FPQ-4068,SCMS-52271,ASN-4991,Guyana,PMO - US,Direct Drop,EXW,Air,8/13/2009,8/31/2009,16-Oct-09,16-Oct-09,16-Oct-09,HRDT,HIV test,"Orgenics, Ltd","HIV 1/2, Determine Complete HIV Kit, 100 Tests","HIV 1/2, Determine Complete HIV Kit",Determine,,Test kit,100,507,36504.0,72.0,0.72,Inverness Japan,Yes,67,4400.85,71.55
12026,100-CI-T01,Pre-PQ Process,SO-283,DN-16,Côte d'Ivoire,PMO - US,From RDC,N/A - From RDC,,Pre-PQ Process,N/A - From RDC,22-Feb-07,22-Feb-07,22-Feb-07,ARV,Adult,SCMS from RDC,"Lamivudine/Zidovudine 150/300mg, tablets, 60 Tabs",Lamivudine/Zidovudine,Generic,150/300mg,Tablet - FDC,60,2770,28392.5,10.25,0.17,"Aurobindo Unit III, India",No,See DN-16 (ID#:10540),See DN-16 (ID#:10540),
84617,104-CI-T30,FPQ-6495,SO-37710,DN-2098,Côte d'Ivoire,PMO - US,From RDC,N/A - From RDC,Truck,10/4/2010,N/A - From RDC,31-Jan-11,22-Feb-11,22-Feb-11,ARV,Adult,SCMS from RDC,"Emtricitabine/Tenofovir Disoproxil Fumarate 200/300mg, tablets, 30 Tabs",Emtricitabine/Tenofovir Disoproxil Fumarate,Generic,200/300mg,Tablet - FDC,30,9920,108326.4,10.92,0.36,Mylan (formerly Matrix) Nashik,No,See DN-2098 (ID#:83482),See DN-2098 (ID#:83482),233.55
11228,104-CI-T01,Pre-PQ Process,SO-1111,DN-565,Côte d'Ivoire,PMO - US,From RDC,N/A - From RDC,Air,Pre-PQ Process,N/A - From RDC,29-Jan-08,29-Jan-08,29-Jan-08,ARV,Adult,SCMS from RDC,"Lopinavir/Ritonavir 200/50mg [Aluvia], tablets, 120 Tabs",Lopinavir/Ritonavir,Aluvia,200/50mg,Tablet,120,12107,497597.7,41.1,0.34,ABBVIE Ludwigshafen Germany,Yes,2647,9307,796.16
83579,110-ZM-T30,FPQ-8476,SO-40953,DN-2608,Zambia,PMO - US,From RDC,N/A - From RDC,Truck,9/27/2011,N/A - From RDC,15-May-12,16-Apr-12,16-Apr-12,ARV,Adult,SCMS from RDC,"Lamivudine/Nevirapine/Stavudine 150/200/30mg, tablets, 60 Tabs",Lamivudine/Nevirapine/Stavudine,Generic,150/200/30mg,Tablet - FDC,60,50000,269000.0,5.38,0.09,"Strides, Bangalore, India.",Yes,10381,8510.81,443.85
82787,104-CI-T30,FPQ-14370,SO-49030,DN-4175,Côte d'Ivoire,PMO - US,From RDC,N/A - From RDC,Truck,5/23/2014,N/A - From RDC,27-Mar-15,26-Mar-15,30-Mar-15,ARV,Pediatric,SCMS from RDC,"Lamivudine/Nevirapine/Zidovudine 30/50/60mg, dispersible tablets, 60 Tabs",Lamivudine/Nevirapine/Zidovudine,Generic,30/50/60mg,Chewable/dispersible tablet - FDC,60,16500,59400.0,3.6,0.06,Mylan (formerly Matrix) Nashik,Yes,904,5012.88,61.06
43807,161-ZA-T30,FPQ-7175,SCMS-103450,ASN-11509,South Africa,PMO - US,Direct Drop,DDP,Ocean,3/10/2011,3/24/2011,13-Oct-11,13-Oct-11,13-Oct-11,ARV,Pediatric,Aurobindo Pharma Limited,"Nevirapine 10mg/ml, oral suspension w/syringe, Bottle, 240 ml",Nevirapine,Generic,10mg/ml,Oral suspension,240,10603,23962.78,2.26,0.01,"Aurobindo Unit III, India",Yes,3818,11234.1,39.54
24875,108-VN-T30,FPQ-13524,SCMS-226250,ASN-27132,Vietnam,PMO - US,Direct Drop,EXW,Air,2/6/2014,3/10/2014,16-Aug-14,16-Aug-14,25-Aug-14,ARV,Adult,MYLAN LABORATORIES LTD (FORMERLY MATRIX LABORATORIES),"Lamivudine/Nevirapine/Zidovudine 150/200/300mg, tablets, 60 Tabs",Lamivudine/Nevirapine/Zidovudine,Generic,150/300/200mg,Tablet - FDC,60,27900,225990.0,8.1,0.13,Mylan (formerly Matrix) Nashik,Yes,3868,7238.46,232.32
83572,151-NG-T30,FPQ-8952,SO-41263,DN-2564,Nigeria,PMO - US,From RDC,N/A - From RDC,Air Charter,12/8/2011,N/A - From RDC,20-Jun-12,16-Feb-12,16-Feb-12,ARV,Adult,SCMS from RDC,"Lamivudine/Zidovudine 150/300mg, tablets, 60 Tabs",Lamivudine/Zidovudine,Generic,150/300mg,Tablet - FDC,60,99995,825958.7,8.26,0.14,"Aurobindo Unit III, India",Yes,11636,25231.96,1157.99
11882,100-ZW-T01,Pre-PQ Process,SO-716,DN-770,Zimbabwe,PMO - US,From RDC,N/A - From RDC,Air,Pre-PQ Process,N/A - From RDC,9-Jun-08,9-Jun-08,9-Jun-08,ARV,Adult,SCMS from RDC,"Efavirenz 600mg, tablets, 30 Tabs",Efavirenz,Generic,600mg,Tablet,30,1860,23101.2,12.42,0.41,"Aurobindo Unit III, India",No,See DN-770 (ID#:10959),See DN-770 (ID#:10959),36.96
27474,102-SD-T30,FPQ-5292,SCMS-69260,ASN-6585,Sudan,PMO - US,Direct Drop,EXW,Air,3/15/2010,3/24/2010,7-May-10,7-May-10,7-May-10,HRDT,HIV test,"Trinity Biotech, Plc","HIV 1/2, Uni-Gold HIV Kit, 20 Tests","HIV 1/2, Uni-Gold HIV Kit",Uni-Gold,,Test kit,20,160,5120.0,32.0,1.6,"Trinity Biotech, Plc",Yes,53,1310.92,11.04
33896,105-GH-T30,FPQ-13809,SCMS-234080,ASN-28229,Ghana,PMO - US,Direct Drop,EXW,Air,3/7/2014,4/15/2014,21-Nov-14,21-Nov-14,25-Nov-14,ARV,Adult,MYLAN LABORATORIES LTD (FORMERLY MATRIX LABORATORIES),"Lamivudine/Zidovudine 150/300mg, tablets, 60 Tabs",Lamivudine/Zidovudine,Generic,150/300mg,Tablet - FDC,60,25687,166708.63,6.49,0.11,Mylan (formerly Matrix) Nashik,Yes,2184,15041.23,171.38
82414,151-NG-T30,FPQ-7812,SO-40722,DN-2394,Nigeria,PMO - US,From RDC,N/A - From RDC,Air Charter,6/6/2011,N/A - From RDC,5-Dec-11,14-Oct-11,14-Oct-11,ARV,Adult,SCMS from RDC,"Lamivudine/Tenofovir Disoproxil Fumarate 300/300mg, tablets, 30 Tabs",Lamivudine/Tenofovir Disoproxil Fumarate,Generic,300/300mg,Tablet - FDC,30,24346,190385.72,7.82,0.26,Mylan (formerly Matrix) Nashik,Yes,2391,21326.73,314.14
21125,109-TZ-T30,FPQ-6728,SCMS-94240,ASN-9436,Tanzania,PMO - US,Direct Drop,EXW,Air,12/2/2010,12/9/2010,10-Mar-11,10-Mar-11,10-Mar-11,ARV,Pediatric,EMCURE PHARMACEUTICALS LTD,"Atazanavir 150mg, capsules, 60 Caps",Atazanavir,Generic,150mg,Capsule,60,1135,29612.15,26.09,0.43,"Emcure Plot No.P-2, I.T-B.T. Park, Phase II, MIDC, Hinjwadi, Pune, India",Yes,103,1308.4,48.86
11754,109-TZ-T01,Pre-PQ Process,SO-771,DN-293,Tanzania,PMO - US,From RDC,N/A - From RDC,,Pre-PQ Process,N/A - From RDC,26-Sep-07,26-Sep-07,26-Sep-07,ARV,Adult,SCMS from RDC,"Abacavir 300mg, tablets, 60 Tabs",Abacavir,Generic,300mg,Tablet,60,7661,274263.8,35.8,0.6,"Aurobindo Unit III, India",Yes,750,3901.78,438.82
10895,112-NG-T01,Pre-PQ Process,SO-565,DN-373,Nigeria,PMO - US,From RDC,N/A - From RDC,Air,Pre-PQ Process,N/A - From RDC,20-Sep-07,20-Sep-07,20-Sep-07,ARV,Pediatric,SCMS from RDC,"Lamivudine 10mg/ml, oral solution, Bottle, 240 ml",Lamivudine,Generic,10mg/ml,Oral solution,240,390,1010.1,2.59,0.01,"Cipla, Goa, India",No,See DN-373 (ID#:10623),See DN-373 (ID#:10623),1.62
82382,151-NG-T30,FPQ-7217,SO-39640,DN-2220,Nigeria,PMO - US,From RDC,N/A - From RDC,Air Charter,2/21/2011,N/A - From RDC,15-Jun-11,5-Jul-11,5-Jul-11,ARV,Adult,SCMS from RDC,"Efavirenz 600mg, tablets, 30 Tabs",Efavirenz,Generic,600mg,Tablet,30,57468,248261.76,4.32,0.14,Mylan (formerly Matrix) Nashik,Yes,4915,13398.06,409.63
11928,104-CI-T01,Pre-PQ Process,SO-16221,DN-1089,Côte d'Ivoire,PMO - US,From RDC,N/A - From RDC,Air,Pre-PQ Process,N/A - From RDC,2-Mar-09,2-Mar-09,2-Mar-09,ARV,Pediatric,SCMS from RDC,"Stavudine 1mg/ml, powder for oral solution, 200 ml",Stavudine,Generic,1mg/ml,Oral solution,200,1200,1680.0,1.4,0.01,"Aurobindo Unit III, India",Yes,115,1297.57,3.29
55160,116-ZA-T30,FPQ-3596,SCMS-50360,ASN-5451,South Africa,PMO - US,Direct Drop,DDP,Truck,5/7/2009,9/22/2009,29-Oct-09,29-Oct-09,29-Oct-09,ARV,Adult,S. BUYS WHOLESALER,"Zidovudine 300mg, tablets, 60 Tabs",Zidovudine,Generic,300mg,Tablet,60,1600,41783.61,26.11,0.44,"Aurobindo Unit III, India",Yes,Weight Captured Separately,Freight Included in Commodity Cost,81.9
83216,105-GH-T30,FPQ-13609,SO-47940,DN-3576,Ghana,PMO - US,From RDC,N/A - From RDC,Truck,2/19/2014,N/A - From RDC,20-Mar-14,14-Mar-14,25-Apr-14,ARV,Adult,SCMS from RDC,"Lamivudine/Zidovudine 150/300mg, tablets, 60 Tabs",Lamivudine/Zidovudine,Generic,150/300mg,Tablet - FDC,60,23000,154790.0,6.73,0.11,Mylan (formerly Matrix) Nashik,Yes,8701,3975.7,159.12
86496,151-NG-T30,FPQ-8952,SO-42800,DN-2765,Nigeria,PMO - US,From RDC,N/A - From RDC,Air Charter,12/8/2011,N/A - From RDC,30-Jul-12,24-Jul-12,24-Jul-12,ARV,Adult,SCMS from RDC,"Efavirenz/Lamivudine/Tenofovir Disoproxil Fumarate 600/300/300mg, tablets, 30 Tabs",Efavirenz/Lamivudine/Tenofovir Disoproxil Fumarate,Generic,600/300/300mg,Tablet - FDC,30,7000,92890.0,13.27,0.44,Mylan (formerly Matrix) Nashik,Yes,858,16532.5,130.23
84175,113-ZW-T30,FPQ-8464,SO-40871,DN-2692,Zimbabwe,PMO - US,From RDC,N/A - From RDC,Truck,10/4/2011,N/A - From RDC,17-Jun-12,17-Jun-12,17-Jun-12,ARV,Adult,SCMS from RDC,"Nevirapine 200mg, tablets, 60 Tabs",Nevirapine,Generic,200mg,Tablet,60,69037,168450.28,2.44,0.04,Hetero Unit III Hyderabad IN,Yes,4353,5530.11,277.94
11932,151-NG-T01,Pre-PQ Process,SO-21782,DN-1144,Nigeria,PMO - US,From RDC,N/A - From RDC,Air,Pre-PQ Process,N/A - From RDC,24-Mar-09,24-Mar-09,24-Mar-09,ARV,Adult,SCMS from RDC,"Emtricitabine/Tenofovir Disoproxil Fumarate 200/300mg [Truvada], tablets, 30 Tabs",Emtricitabine/Tenofovir Disoproxil Fumarate,Truvada,300/200mg,Tablet - FDC,30,37666,988732.5,26.25,0.88,"Aspen-OSD, Port Elizabeth, SA",Yes,3273,6443.63,1937.92
23024,161-ZA-T30,FPQ-7175,SCMS-103710,ASN-12153,South Africa,PMO - US,Direct Drop,DDP,Ocean,3/10/2011,3/23/2011,17-Oct-11,17-Oct-11,17-Oct-11,ARV,Adult,HETERO LABS LIMITED,"Efavirenz 600mg, tablets, 30 Tabs",Efavirenz,Generic,600mg,Tablet,30,92500,435675.0,4.71,0.16,Hetero Unit III Hyderabad IN,Yes,7778,20684.73,718.86
86789,102-BI-T30,FPQ-15406,SO-50280,DN-4178,Burundi,PMO - US,From RDC,N/A - From RDC,Air,11/19/2014,N/A - From RDC,29-May-15,25-Mar-15,30-Mar-15,ARV,Pediatric,SCMS from RDC,"Lamivudine/Zidovudine 30/60mg, dispersible tablets, 60 Tabs",Lamivudine/Zidovudine,Generic,30/60mg,Chewable/dispersible tablet - FDC,60,282,549.9,1.95,0.03,"Mylan,  H-12 & H-13, India",No,See DN-4178 (ID#:84460),See DN-4178 (ID#:84460),0.65
12004,114-UG-T01,Pre-PQ Process,SO-32930,DN-1402,Uganda,PMO - US,From RDC,N/A - From RDC,Air,Date Not Captured,N/A - From RDC,9-Sep-09,9-Sep-09,9-Sep-09,ARV,Adult,SCMS from RDC,"Lamivudine/Nevirapine/Zidovudine 150/200/300mg, tablets, 60 Tabs",Lamivudine/Nevirapine/Zidovudine,Generic,150/300/200mg,Tablet - FDC,60,19650,223027.5,11.35,0.19,"Aurobindo Unit III, India",Yes,2237,15250.99,437.13
32499,161-ZA-T30,FPQ-7175,SCMS-103470,ASN-11200,South Africa,PMO - US,Direct Drop,DDP,Ocean,3/10/2011,3/24/2011,2-Sep-11,2-Sep-11,2-Sep-11,ARV,Pediatric,Aurobindo Pharma Limited,"Efavirenz 50mg, capsule, 30 Caps",Efavirenz,Generic,50mg,Capsule,30,50000,122000.0,2.44,0.08,"Aurobindo Unit III, India",Yes,2953,6409.91,201.3
3781,144-BW-T01,Pre-PQ Process,SCMS-41880,ASN-4323,Botswana,PMO - US,Direct Drop,EXW,Air,Pre-PQ Process,3/25/2009,10-Jul-09,10-Jul-09,10-Jul-09,HRDT,HIV test,Orasure Technologies Inc.,"HIV 1/2, OraQuick Advance HIV Rapid Antibody Kit, 100 Tests","HIV 1/2, OraQuick Advance HIV Rapid Antibody Kit",OraQuick,,Test kit,100,20,7000.0,350.0,3.5,"Pacific Biotech, Thailand",Yes,48,684.42,13.72
79022,116-ZA-T30,FPQ-13214,SCMS-215410,ASN-23875,South Africa,PMO - US,Direct Drop,DDP,Truck,11/14/2013,12/2/2013,13-Jan-14,13-Jan-14,13-Jan-14,ARV,Adult,S. BUYS WHOLESALER,"Efavirenz 600mg, tablets, 30 Tabs",Efavirenz,Generic,600mg,Tablet,30,152,2218.99,14.6,0.49,"Aurobindo Unit III, India",No,Weight Captured Separately,Freight Included in Commodity Cost,2.28
12220,114-UG-T01,Pre-PQ Process,SO-17750,DN-1083,Uganda,PMO - US,From RDC,N/A - From RDC,Air,Pre-PQ Process,N/A - From RDC,3-Mar-09,3-Mar-09,3-Mar-09,ARV,Adult,SCMS from RDC,"Lamivudine/Nevirapine/Zidovudine 150/200/300mg, tablets, 60 Tabs",Lamivudine/Nevirapine/Zidovudine,Generic,150/300/200mg,Tablet - FDC,60,312,3681.6,11.8,0.2,"Aurobindo Unit III, India",No,See DN-1083 (ID#:12219),See DN-1083 (ID#:12219),7.22
85363,151-NG-T30,FPQ-11022,SO-45190,DN-3170,Nigeria,PMO - US,From RDC,N/A - From RDC,Air Charter,11/15/2012,N/A - From RDC,21-May-13,10-May-13,10-May-13,ARV,Adult,SCMS from RDC,"Lamivudine/Nevirapine/Zidovudine 150/200/300mg, tablets, 60 Tabs",Lamivudine/Nevirapine/Zidovudine,Generic,150/300/200mg,Tablet - FDC,60,31132,267112.56,8.58,0.14,Hetero Unit III Hyderabad IN,Yes,5041,20666.08,330.42
51432,116-ZA-T30,FPQ-13973,SCMS-238552,ASN-27606,South Africa,PMO - US,Direct Drop,DDP,Truck,4/30/2014,8/5/2014,5-Aug-14,5-Aug-14,5-Aug-14,ARV,Adult,PHARMACY DIRECT,"Lamivudine 150mg, tablets, 60 Tabs",Lamivudine,Generic,150mg,Tablet,60,73,667.44,9.14,0.15,"Aurobindo Unit III, India",No,Weight Captured Separately,Freight Included in Commodity Cost,0.69
84567,114-UG-T30,FPQ-5238,SO-36090,DN-1840,Uganda,PMO - US,From RDC,N/A - From RDC,Air,3/2/2010,N/A - From RDC,26-May-10,27-May-10,27-May-10,ARV,Adult,SCMS from RDC,"Lamivudine/Nevirapine/Zidovudine 150/200/300mg, tablets, 60 Tabs",Lamivudine/Nevirapine/Zidovudine,Generic,150/300/200mg,Tablet - FDC,60,20000,224400.0,11.22,0.19,Mylan (formerly Matrix) Nashik,Yes,2560,20654.81,483.81
28703,111-MZ-T30,FPQ-6132,SCMS-82710,ASN-8226,Mozambique,PMO - US,Direct Drop,EXW,Air,8/12/2010,8/23/2010,30-Nov-10,30-Nov-10,30-Nov-10,HRDT,HIV test,"Trinity Biotech, Plc","HIV 1/2, Uni-Gold HIV Kit, 20 Tests","HIV 1/2, Uni-Gold HIV Kit",Uni-Gold,,Test kit,20,4445,142240.0,32.0,1.6,"Trinity Biotech, Plc",Yes,1112,18669.96,306.67
70259,901-CM-T30,FPQ-12528,SCMS-196530,ASN-20912,Cameroon,PMO - US,Direct Drop,EXW,Air,6/21/2013,7/1/2013,28-Aug-13,28-Aug-13,28-Aug-13,ARV,Adult,HETERO LABS LIMITED,"Efavirenz 600mg, tablets, 30 Tabs",Efavirenz,Generic,600mg,Tablet,30,19195,62191.8,3.24,0.11,"Hetero, Jadcherla, unit 5, IN",Yes,1632,15773.2,76.93
73867,105-SS-T30,FPQ-15569,SCMS-272140,ASN-31129,South Sudan,PMO - US,Direct Drop,EXW,Air,12/29/2014,2/20/2015,8-May-15,8-May-15,11-May-15,HRDT,HIV test,"Trinity Biotech, Plc","HIV 1/2, Uni-Gold HIV Kit, 20 Tests","HIV 1/2, Uni-Gold HIV Kit",Uni-Gold,,Test kit,20,25,800.0,32.0,1.6,"Trinity Biotech, Plc",No,See ASN-31129 (ID#:40205),See ASN-31129 (ID#:40205),0.94
70991,161-ZA-T30,FPQ-7175,SCMS-103700,ASN-12628,South Africa,PMO - US,Direct Drop,DDP,Ocean,3/10/2011,3/23/2011,7-Dec-11,7-Dec-11,7-Dec-11,ARV,Adult,HETERO LABS LIMITED,"Efavirenz 600mg, tablets, 30 Tabs",Efavirenz,Generic,600mg,Tablet,30,92500,435675.0,4.71,0.16,Hetero Unit III Hyderabad IN,Yes,7878,8134.37,718.86
31750,114-UG-T30,FPQ-14325,SCMS-244380,ASN-28019,Uganda,PMO - US,Direct Drop,CIP,Air,5/26/2014,7/9/2014,12-Sep-14,12-Sep-14,12-Sep-14,ARV,Adult,ASPEN PHARMACARE,"Darunavir 300mg [Prezista], tablets, 120 Tabs",Darunavir,Prezista,300mg,Tablet,120,807,53746.2,66.6,0.55,"Aspen-OSD, Port Elizabeth, SA",Yes,119,321.94,55.25
85401,104-CI-T30,FPQ-11253,SO-44201,DN-3329,Côte d'Ivoire,PMO - US,From RDC,N/A - From RDC,Truck,12/14/2012,N/A - From RDC,30-Sep-13,20-Sep-13,20-Sep-13,ARV,Adult,SCMS from RDC,"Lamivudine/Zidovudine 150/300mg, tablets, 60 Tabs",Lamivudine/Zidovudine,Generic,150/300mg,Tablet - FDC,60,19920,144818.4,7.27,0.12,"Cipla, Goa, India",No,See DN-3329 (ID#:82602),See DN-3329 (ID#:82602),179.14
64615,114-UG-T30,FPQ-13600,SCMS-225720,ASN-27379,Uganda,PMO - US,Direct Drop,FCA,Air,1/28/2014,2/4/2014,26-Aug-14,26-Aug-14,26-Aug-14,ARV,Adult,ABBVIE LOGISTICS (FORMERLY ABBOTT LOGISTICS BV),"Ritonavir 100mg [Norvir], film coated tablets, 60 Tabs",Ritonavir,Norvir,100mg,Tablet,60,579,3966.15,6.85,0.11,ABBVIE Ludwigshafen Germany,Yes,103,1393.29,4.08
15241,116-ZA-T30,FPQ-11828,SCMS-183950,ASN-19166,South Africa,South Africa Field Office,Direct Drop,DDP,Truck,3/18/2013,Date Not Captured,16-Apr-13,16-Apr-13,16-Apr-13,ARV,Adult,S. BUYS WHOLESALER,"Efavirenz 600mg, tablets, 30 Tabs",Efavirenz,Generic,600mg,Tablet,30,1368,21995.87,16.08,0.54,"Cipla, Goa, India",Yes,Weight Captured Separately,Freight Included in Commodity Cost,27.21
11551,106-HT-T01,Pre-PQ Process,SO-2072,DN-695,Haiti,PMO - US,From RDC,N/A - From RDC,Air,Pre-PQ Process,N/A - From RDC,11-Apr-08,11-Apr-08,11-Apr-08,ARV,Pediatric,SCMS from RDC,"Efavirenz 30mg/ml [Stocrin/Sustiva], oral solution, Bottle, 180 ml",Efavirenz,Stocrin/Sustiva,30mg/ml,Oral solution,180,34,576.64,16.96,0.09,"MSD, Haarlem, NL",Yes,14,896.55,0.92
21590,104-CI-T30,FPQ-6024,SCMS-80900,ASN-8019,Côte d'Ivoire,PMO - US,Direct Drop,CIP,Air,7/19/2010,8/2/2010,8-Sep-10,8-Sep-10,8-Sep-10,ARV,Pediatric,BRISTOL-MYERS SQUIBB,"Didanosine 25mg [Videx], chewable tablets, 60 Tabs",Didanosine,Videx,25mg,Chewable/dispersible tablet,60,415,2905.0,7.0,0.12,"BMS Meymac, France",No,See ASN-8019 (ID#:14694),See ASN-8019 (ID#:14694),6.26
85315,104-CI-T30,FPQ-9749,SO-43030,DN-2910,Côte d'Ivoire,PMO - US,From RDC,N/A - From RDC,Truck,4/19/2012,N/A - From RDC,30-Nov-12,5-Nov-12,5-Nov-12,ARV,Pediatric,SCMS from RDC,"Lamivudine/Zidovudine 30/60mg, tablets, 60 Tabs",Lamivudine/Zidovudine,Generic,30/60mg,Tablet - FDC,60,15120,41731.2,2.76,0.05,Mylan (formerly Matrix) Nashik,Yes,959,4424.91,58.51
11722,100-CI-T01,Pre-PQ Process,SO-440,DN-79,Côte d'Ivoire,PMO - US,From RDC,N/A - From RDC,,Pre-PQ Process,N/A - From RDC,30-Apr-07,30-Apr-07,30-Apr-07,ARV,Adult,SCMS from RDC,"Lamivudine/Nevirapine/Stavudine 150/200/30mg, tablets, 60 Tabs",Lamivudine/Nevirapine/Stavudine,Generic,150/200/30mg,Tablet - FDC,60,1000,7500.0,7.5,0.12,"Cipla, Goa, India",Yes,104,1458,
82559,113-ZW-T30,FPQ-10895,SO-43571,DN-3056,Zimbabwe,PMO - US,From RDC,N/A - From RDC,Truck,10/25/2012,N/A - From RDC,31-Jul-13,14-Mar-13,14-Mar-13,ARV,Adult,SCMS from RDC,"Efavirenz/Lamivudine/Tenofovir Disoproxil Fumarate 600/300/300mg, tablets, 30 Tabs",Efavirenz/Lamivudine/Tenofovir Disoproxil Fumarate,Generic,600/300/300mg,Tablet - FDC,30,20160,244137.6,12.11,0.4,Mylan (formerly Matrix) Nashik,Yes,2266,9405.81,302.0
10724,117-ET-T01,Pre-PQ Process,SO-19400,DN-1027,Ethiopia,PMO - US,From RDC,N/A - From RDC,Air,Pre-PQ Process,N/A - From RDC,12-Dec-08,12-Dec-08,12-Dec-08,ARV,Adult,SCMS from RDC,"Lamivudine/Zidovudine 150/300mg, tablets, 60 Tabs",Lamivudine/Zidovudine,Generic,150/300mg,Tablet - FDC,60,31000,271560.0,8.76,0.15,"Aurobindo Unit III, India",Yes,1787,10073.76,532.26
12326,100-LB-T01,Pre-PQ Process,SO-33890,DN-1486,Lebanon,PMO - US,From RDC,N/A - From RDC,Air,Date Not Captured,N/A - From RDC,18-Nov-09,18-Nov-09,18-Nov-09,ARV,Pediatric,SCMS from RDC,"Nevirapine 10mg/ml, oral suspension, Bottle, 240 ml",Nevirapine,Generic,10mg/ml,Oral suspension,240,50,0.5,0.01,0.0,"Aurobindo Unit III, India",No,See DN-1486 (ID#:11072),See DN-1486 (ID#:11072),0.0
11374,100-CI-T01,Pre-PQ Process,SO-286,DN-71,Côte d'Ivoire,PMO - US,From RDC,N/A - From RDC,,Pre-PQ Process,N/A - From RDC,30-Apr-07,30-Apr-07,30-Apr-07,ARV,Adult,SCMS from RDC,"Indinavir 400mg [Crixivan], capsules, 180 Caps",Indinavir,Crixivan,400mg,Capsule,180,740,36496.8,49.32,0.27,MSD Elkton USA,Yes,206,1583,
47975,108-VN-T30,FPQ-7898,SCMS-113690,ASN-12713,Vietnam,PMO - US,Direct Drop,FCA,Air,6/27/2011,7/8/2011,17-Nov-11,17-Nov-11,17-Nov-11,ARV,Adult,ABBVIE LOGISTICS (FORMERLY ABBOTT LOGISTICS BV),"Lopinavir/Ritonavir 200/50mg [Aluvia], tablets, 120 Tabs",Lopinavir/Ritonavir,Aluvia,200/50mg,Tablet,120,1575,129465.0,82.2,0.68,ABBVIE Ludwigshafen Germany,Yes,382,5528.41,213.62
86025,107-RW-T30,FPQ-12766,SO-46481,DN-3445,Rwanda,PMO - US,From RDC,N/A - From RDC,Truck,8/2/2013,N/A - From RDC,17-Dec-13,11-Dec-13,9-Jan-14,ARV,Adult,SCMS from RDC,"Lopinavir/Ritonavir 200/50mg [Aluvia], tablets, 120 Tabs",Lopinavir/Ritonavir,Aluvia,200/50mg,Tablet,120,11193,226322.46,20.22,0.17,ABBVIE Ludwigshafen Germany,Yes,2518,33986.07,279.96
84391,103-ZW-T30,FPQ-13967,SO-48431,DN-3824,Zimbabwe,PMO - US,From RDC,N/A - From RDC,Truck,4/2/2014,N/A - From RDC,30-Nov-14,29-Jun-14,4-Aug-14,ARV,Pediatric,SCMS from RDC,"Lamivudine/Zidovudine 30/60mg, tablets, 60 Tabs",Lamivudine/Zidovudine,Generic,30/60mg,Tablet - FDC,60,23999,47758.01,1.99,0.03,Mylan (formerly Matrix) Nashik,Yes,1069,7500,49.1
84953,110-ZM-T30,FPQ-14105,SO-48660,DN-3832,Zambia,PMO - US,From RDC,N/A - From RDC,Truck,4/16/2014,N/A - From RDC,31-Jul-14,25-Jul-14,31-Jul-14,ARV,Adult,SCMS from RDC,"Lamivudine/Zidovudine 150/300mg, tablets, 60 Tabs",Lamivudine/Zidovudine,Generic,150/300mg,Tablet - FDC,60,100000,652000.0,6.52,0.11,Hetero Unit III Hyderabad IN,Yes,8528,8635.96,670.26
84189,900-UG-T30,FPQ-10084,SO-42630,DN-2838,Uganda,PMO - US,From RDC,N/A - From RDC,Truck,6/7/2012,N/A - From RDC,28-Sep-12,6-Oct-12,6-Oct-12,ARV,Adult,SCMS from RDC,"Lopinavir/Ritonavir 200/50mg, tablets, 120 Tabs",Lopinavir/Ritonavir,Generic,200/50mg,Tablet,120,5000,148400.0,29.68,0.25,Mylan (formerly Matrix) Nashik,No,See DN-2838 (ID#:84188),See DN-2838 (ID#:84188),208.06
11563,102-KE-T01,Pre-PQ Process,SO-11440,DN-965,Kenya,PMO - US,From RDC,N/A - From RDC,Truck,Pre-PQ Process,N/A - From RDC,23-Oct-08,23-Oct-08,23-Oct-08,HRDT,HIV test - Ancillary,SCMS from RDC,"HIV, Lancet, Safety, for HIV Test kits, 100 Pcs","HIV, Lancet, Safety, for HIV Test kits, 100 Pcs",Generic,,Test kit - Ancillary,100,5000,50.0,0.01,0.0,Inverness Japan,Yes,Weight Captured Separately,Invoiced Separately,0.1
83621,110-ZM-T30,FPQ-9472,SO-41700,DN-2847,Zambia,PMO - US,From RDC,N/A - From RDC,Truck,3/8/2012,N/A - From RDC,28-Sep-12,7-Sep-12,7-Sep-12,ARV,Adult,SCMS from RDC,"Efavirenz/Emtricitabine/Tenofovir Disoproxil Fumarate 600/200/300mg, tablets, 30 Tabs",Efavirenz/Emtricitabine/Tenofovir Disoproxil Fumarate,Generic,600/200/300mg,Tablet - FDC,30,60000,902400.0,15.04,0.5,Mylan (formerly Matrix) Nashik,Yes,6801,7317.47,1265.16
66094,151-NG-T30,FPQ-13102,SCMS-212690,ASN-24552,Nigeria,PMO - US,Direct Drop,EXW,Air,10/17/2013,11/4/2013,14-Apr-14,14-Apr-14,15-Apr-14,ARV,Adult,Aurobindo Pharma Limited,"Zidovudine 300mg, tablets, 60 Tabs",Zidovudine,Generic,300mg,Tablet,60,25932,140810.76,5.43,0.09,"Aurobindo Unit III, India",Yes,1548,11663.16,144.75
83183,104-CI-T30,FPQ-12800,SO-46410,DN-3420,Côte d'Ivoire,PMO - US,From RDC,N/A - From RDC,Truck,8/9/2013,N/A - From RDC,28-Nov-13,2-Dec-13,20-Dec-13,ARV,Adult,SCMS from RDC,"Lamivudine 150mg, tablets, 60 Tabs",Lamivudine,Generic,150mg,Tablet,60,1700,3791.0,2.23,0.04,"Strides, Bangalore, India.",Yes,75,1556.99,4.69
82942,113-ZW-T30,FPQ-6470,SO-37810,DN-2126,Zimbabwe,PMO - US,From RDC,N/A - From RDC,Truck,10/13/2010,N/A - From RDC,31-Mar-11,17-Mar-11,17-Mar-11,ARV,Adult,SCMS from RDC,"Nevirapine 200mg, tablets, 60 Tabs",Nevirapine,Generic,200mg,Tablet,60,91970,230844.7,2.51,0.04,Hetero Unit III Hyderabad IN,Yes,5357,7765.18,497.7
20666,112-NG-T30,FPQ-4044,SCMS-51240,ASN-4829,Nigeria,PMO - US,Direct Drop,FCA,Air,8/4/2009,8/12/2009,16-Oct-09,16-Oct-09,16-Oct-09,ARV,Adult,ABBVIE LOGISTICS (FORMERLY ABBOTT LOGISTICS BV),"Lopinavir/Ritonavir 200/50mg [Aluvia], tablets, 120 Tabs",Lopinavir/Ritonavir,Aluvia,200/50mg,Tablet,120,500,18080.0,36.16,0.3,ABBVIE Ludwigshafen Germany,Yes,130,1599.22,35.44
79837,104-CI-T30,FPQ-12806,SCMS-206520,ASN-23388,Côte d'Ivoire,PMO - US,Direct Drop,FCA,Air,8/9/2013,9/17/2013,10-Jan-14,10-Jan-14,10-Jan-14,ARV,Pediatric,ABBVIE LOGISTICS (FORMERLY ABBOTT LOGISTICS BV),"Lopinavir/Ritonavir 100/25mg [Aluvia], tablets, 60 Tabs",Lopinavir/Ritonavir,Generic,100/25mg,Tablet,60,4400,26136.0,5.94,0.1,ABBVIE Ludwigshafen Germany,Yes,505,5335.6,32.33
85082,102-SD-T30,FPQ-3812,SO-34550,DN-1624,Sudan,PMO - US,From RDC,N/A - From RDC,Air,6/3/2009,N/A - From RDC,30-Nov-09,22-Nov-09,22-Nov-09,HRDT,HIV test,SCMS from RDC,"HIV 1/2, Determine Complete HIV Kit, 100 Tests","HIV 1/2, Determine Complete HIV Kit",Determine,,Test kit,100,350,28000.0,80.0,0.8,Inverness Japan,No,See DN-1624 (ID#:82856),See DN-1624 (ID#:82856),54.88
68219,104-CI-T30,FPQ-14372,SCMS-246570,ASN-31173,Côte d'Ivoire,PMO - US,Direct Drop,FCA,Air,6/3/2014,7/31/2014,9-Apr-15,9-Apr-15,10-Apr-15,ARV,Pediatric,ABBVIE LOGISTICS (FORMERLY ABBOTT LOGISTICS BV),"Lopinavir/Ritonavir 80/20mg/ml [Kaletra], oral solution, cool, Bottle 5 x 60 ml",Lopinavir/Ritonavir,Kaletra,80/20mg/ml,Oral solution,300,745,22960.9,30.82,0.1,ABBVIE (Abbott) Logis. UK,Yes,844,9768.22,23.6
85109,105-GY-T30,FPQ-5470,SO-36641,DN-1811,Guyana,PMO - US,From RDC,N/A - From RDC,Air,4/7/2010,N/A - From RDC,30-Jun-10,25-May-10,25-May-10,ARV,Pediatric,SCMS from RDC,"Didanosine 100mg, chewable/dispersible tablets, 60 Tabs",Didanosine,Generic,100mg,Chewable/dispersible tablet,60,330,2547.6,7.72,0.13,"Aurobindo Unit III, India",Yes,71,1721.53,5.49
18997,105-GY-T30,FPQ-11562,SCMS-180000,ASN-18805,Guyana,PMO - US,Direct Drop,EXW,Air,2/7/2013,3/6/2013,18-Apr-13,18-Apr-13,18-Apr-13,ARV,Pediatric,Aurobindo Pharma Limited,"Zidovudine 100mg, capsules, 100 Caps",Zidovudine,Generic,100mg,Capsule,100,172,791.2,4.6,0.05,"Aurobindo Unit III, India",Yes,33,882.81,0.98
85125,151-NG-T30,FPQ-5023,SO-36461,DN-1894,Nigeria,PMO - US,From RDC,N/A - From RDC,Air,2/10/2010,N/A - From RDC,15-Jul-10,28-Jun-10,28-Jun-10,ARV,Adult,SCMS from RDC,"Nevirapine 200mg, tablets, 60 Tabs",Nevirapine,Generic,200mg,Tablet,60,20000,54600.0,2.73,0.05,"Strides, Bangalore, India.",Yes,1370,Freight Included in Commodity Cost,117.72
10401,102-KE-T01,Pre-PQ Process,SCMS-42960,ASN-4500,Kenya,PMO - US,Direct Drop,EXW,Air,Pre-PQ Process,4/6/2009,7-Aug-09,7-Aug-09,7-Aug-09,HRDT,HIV test,"Orgenics, Ltd","HIV 1/2, Determine Complete HIV Kit, 100 Tests","HIV 1/2, Determine Complete HIV Kit",Determine,,Test kit,100,7500,600000.0,80.0,0.8,Inverness Japan,Yes,2215,17662.98,1176.0
83490,104-CI-T30,FPQ-6495,SO-37700,DN-2137,Côte d'Ivoire,PMO - US,From RDC,N/A - From RDC,Air,10/4/2010,N/A - From RDC,31-Mar-11,29-Mar-11,29-Mar-11,ARV,Pediatric,SCMS from RDC,"Didanosine 200mg, chewable/dispersible tablets, 60 Tabs",Didanosine,Generic,200mg,Chewable/dispersible tablet,60,2296,34440.0,15.0,0.25,"Aurobindo Unit III, India",Yes,17126,17941.46,74.25
10973,100-ZW-T01,Pre-PQ Process,SO-713,DN-687,Zimbabwe,PMO - US,From RDC,N/A - From RDC,Air,Pre-PQ Process,N/A - From RDC,30-Mar-08,30-Mar-08,30-Mar-08,ARV,Adult,SCMS from RDC,"Lamivudine/Nevirapine/Stavudine 150/200/30mg, tablets, 60 Tabs",Lamivudine/Nevirapine/Stavudine,Generic,150/200/30mg,Tablet - FDC,60,37240,275576.0,7.4,0.12,"Cipla, Goa, India",No,See DN-687 (ID#:10697),See DN-687 (ID#:10697),440.92
25343,105-GY-T30,FPQ-10249,SCMS-153850,ASN-16935,Guyana,PMO - US,Direct Drop,EXW,Air,7/5/2012,7/26/2012,7-Nov-12,7-Nov-12,7-Nov-12,HRDT,HIV test,"Trinity Biotech, Plc","HIV 1/2, Uni-Gold HIV Kit, 20 Tests","HIV 1/2, Uni-Gold HIV Kit",Uni-Gold,,Test kit,20,461,14752.0,32.0,1.6,"Trinity Biotech, Plc",Yes,149,2115.21,20.68
84822,111-MZ-T30,FPQ-11033,SO-43770,DN-3182,Mozambique,PMO - US,From RDC,N/A - From RDC,Truck,11/12/2012,N/A - From RDC,26-Jul-13,26-Jul-13,26-Jul-13,ARV,Adult,SCMS from RDC,"Efavirenz/Lamivudine/Tenofovir Disoproxil Fumarate 600/300/300mg, tablets, 30 Tabs",Efavirenz/Lamivudine/Tenofovir Disoproxil Fumarate,Generic,600/300/300mg,Tablet - FDC,30,7044,74102.88,10.52,0.35,Mylan (formerly Matrix) Nashik,No,Weight Captured Separately,Freight Included in Commodity Cost,91.67
83716,111-MZ-T30,FPQ-11884,SO-44865,DN-3318,Mozambique,PMO - US,From RDC,N/A - From RDC,Truck,3/19/2013,N/A - From RDC,31-Oct-13,31-Oct-13,12-Nov-13,ARV,Adult,SCMS from RDC,"Efavirenz 600mg, tablets, 30 Tabs",Efavirenz,Generic,600mg,Tablet,30,9357,31158.81,3.33,0.11,"Strides, Bangalore, India.",Yes,12264,5902.4,38.54
83995,107-RW-T30,FPQ-5393,SO-36390,DN-1773,Rwanda,PMO - US,From RDC,N/A - From RDC,Air,3/23/2010,N/A - From RDC,15-Jun-10,19-Apr-10,19-Apr-10,ARV,Adult,SCMS from RDC,"Lamivudine/Nevirapine/Zidovudine 150/200/300mg, tablets, 60 Tabs",Lamivudine/Nevirapine/Zidovudine,Generic,150/300/200mg,Tablet - FDC,60,25000,280500.0,11.22,0.19,"Aurobindo Unit III, India",Yes,2930,42573.95,604.76
19788,161-ZA-T30,FPQ-7175,SCMS-103360,ASN-11433,South Africa,PMO - US,Direct Drop,DDP,Ocean,3/10/2011,3/24/2011,2-Sep-11,14-Sep-11,14-Sep-11,ARV,Pediatric,Aurobindo Pharma Limited,"Efavirenz 50mg, capsule, 30 Caps",Efavirenz,Generic,50mg,Capsule,30,2247,5482.68,2.44,0.08,"Aurobindo Unit III, India",Yes,Weight Captured Separately,Freight Included in Commodity Cost,9.05
6403,116-ZA-T01,Pre-PQ Process,SCMS-41170,ASN-3770,South Africa,PMO - US,Direct Drop,DDP,Air,Pre-PQ Process,Date Not Captured,18-Mar-09,18-Mar-09,18-Mar-09,ARV,Pediatric,S. BUYS WHOLESALER,"Lamivudine 10mg/ml [Epivir], oral solution, Bottle, 240 ml",Lamivudine,Epivir,10mg/ml,Oral solution,240,44,237.6,5.4,0.02,GSK Mississauga (Canada),Yes,Weight Captured Separately,Freight Included in Commodity Cost,0.47
83646,103-AO-T30,FPQ-11071,SO-43980,DN-2980,Angola,PMO - US,From RDC,N/A - From RDC,Air,12/7/2012,N/A - From RDC,20-May-13,20-May-13,20-May-13,ARV,Pediatric,SCMS from RDC,"Abacavir 20mg/ml, oral solution w/syringe, Bottle, 240 ml",Abacavir,Generic,20mg/ml,Oral solution,240,480,6000.0,12.5,0.05,"Aurobindo Unit III, India",Yes,173,2322.47,7.42
15772,108-VN-T30,FPQ-8428,SCMS-123520,ASN-13475,Vietnam,PMO - US,Direct Drop,EXW,Air,9/21/2011,10/4/2011,1-Mar-12,1-Mar-12,1-Mar-12,ARV,Adult,Aurobindo Pharma Limited,"Lamivudine/Nevirapine/Zidovudine 150/200/300mg, tablets, 60 Tabs",Lamivudine/Nevirapine/Zidovudine,Generic,150/300/200mg,Tablet - FDC,60,30000,313500.0,10.45,0.17,"Aurobindo Unit III, India",Yes,10210,17392.05,517.28
12304,151-NG-T01,Pre-PQ Process,SO-27817,DN-1367,Nigeria,PMO - US,From RDC,N/A - From RDC,Air Charter,Date Not Captured,N/A - From RDC,4-Aug-09,4-Aug-09,4-Aug-09,ARV,Adult,SCMS from RDC,"Emtricitabine/Tenofovir Disoproxil Fumarate 200/300mg, tablets, 30 Tabs",Emtricitabine/Tenofovir Disoproxil Fumarate,Generic,200/300mg,Tablet - FDC,30,5794,68079.5,11.75,0.39,Mylan (formerly Matrix) Nashik,No,See DN-1367 (ID#:11346),See DN-1367 (ID#:11346),133.44
83547,114-UG-T30,FPQ-8520,SO-40912,DN-2460,Uganda,PMO - US,From RDC,N/A - From RDC,Truck,10/5/2011,N/A - From RDC,10-Feb-12,19-Jan-12,19-Jan-12,ARV,Adult,SCMS from RDC,"Lamivudine/Zidovudine 150/300mg, tablets, 60 Tabs",Lamivudine/Zidovudine,Generic,150/300mg,Tablet - FDC,60,5471,45190.46,8.26,0.14,"Aurobindo Unit III, India",Yes,521,4237.12,74.56
73087,108-VN-T30,FPQ-6384,SCMS-87780,ASN-9408,Vietnam,PMO - US,Direct Drop,EXW,Air,9/30/2010,10/18/2010,16-Feb-11,16-Feb-11,16-Feb-11,ARV,Adult,HETERO LABS LIMITED,"Lamivudine/Zidovudine 150/300mg, tablets, 60 Tabs",Lamivudine/Zidovudine,Generic,150/300mg,Tablet - FDC,60,35000,292250.0,8.35,0.14,Hetero Unit III Hyderabad IN,No,See ASN-9408 (ID#:39263),See ASN-9408 (ID#:39263),630.09
31561,116-ZA-T30,FPQ-12522,SCMS-199289,ASN-28033,South Africa,PMO - US,Direct Drop,DDP,Truck,7/11/2013,8/29/2014,29-Aug-14,29-Aug-14,29-Aug-14,ARV,Adult,S. BUYS WHOLESALER,"Zidovudine 300mg, tablets, 60 Tabs",Zidovudine,Generic,300mg,Tablet,60,19,515.11,27.11,0.45,Mylan (formerly Matrix) Nashik,Yes,Weight Captured Separately,Freight Included in Commodity Cost,0.64
85838,900-SS-T30,FPQ-8624,SO-41080,DN-2581,South Sudan,PMO - US,From RDC,N/A - From RDC,Air,11/4/2011,N/A - From RDC,21-Mar-12,8-Mar-12,8-Mar-12,ARV,Pediatric,SCMS from RDC,"Nevirapine 10mg/ml, oral suspension w/syringe, Bottle, 240 ml",Nevirapine,Generic,10mg/ml,Oral suspension,240,6000,11700.0,1.95,0.01,"Aurobindo Unit III, India",No,See DN-2581 (ID#:82457),See DN-2581 (ID#:82457),16.4
9280,110-ZM-T01,Pre-PQ Process,SCMS-163,ASN-123,Zambia,PMO - US,Direct Drop,EXW,Air,Pre-PQ Process,Date Not Captured,20-Dec-06,20-Dec-06,20-Dec-06,ARV,Adult,Aurobindo Pharma Limited,"Lamivudine/Zidovudine 150/300mg, tablets, 60 Tabs",Lamivudine/Zidovudine,Generic,150/300mg,Tablet - FDC,60,38534,423874.0,11.0,0.18,"Aurobindo Unit III, India",No,See ASN-123 (ID#:2685),See ASN-123 (ID#:2685),
6397,116-ZA-T01,Pre-PQ Process,SCMS-40820,ASN-3609,South Africa,PMO - US,Direct Drop,DDP,Air,Pre-PQ Process,Date Not Captured,14-Apr-09,4-Dec-08,4-Dec-08,ARV,Adult,S. BUYS WHOLESALER,"Stavudine 30mg [Zerit], capsules, 60 Caps",Stavudine,Zerit,30mg,Capsule,60,10260,39193.2,3.82,0.06,"BMS Meymac, France",No,Weight Captured Separately,Freight Included in Commodity Cost,76.82
6082,108-VN-T01,Pre-PQ Process,SCMS-31730,ASN-3313,Vietnam,PMO - US,Direct Drop,EXW,Air,Pre-PQ Process,10/21/2008,23-Feb-09,23-Feb-09,23-Feb-09,ARV,Adult,Aurobindo Pharma Limited,"Nevirapine 200mg, tablets, 60 Tabs",Nevirapine,Generic,200mg,Tablet,60,4200,12180.0,2.9,0.05,"Aurobindo Unit III, India",No,See ASN-3313 (ID#:3456),See ASN-3313 (ID#:3456),23.87
83014,109-TZ-T30,FPQ-8297,SO-40640,DN-2542,Tanzania,PMO - US,From RDC,N/A - From RDC,Truck,8/22/2011,N/A - From RDC,23-Mar-12,12-Mar-12,12-Mar-12,ARV,Adult,SCMS from RDC,"Lopinavir/Ritonavir 200/50mg, tablets, 120 Tabs",Lopinavir/Ritonavir,Generic,200/50mg,Tablet,120,3679,123614.4,33.6,0.28,"Aurobindo Unit III, India",Yes,932,1698.83,203.96
44463,116-ZA-T30,FPQ-12522,SCMS-199289,ASN-28033,South Africa,PMO - US,Direct Drop,DDP,Truck,7/11/2013,8/29/2014,29-Aug-14,29-Aug-14,29-Aug-14,ARV,Adult,S. BUYS WHOLESALER,"Lamivudine 150mg, tablets, 60 Tabs",Lamivudine,Generic,150mg,Tablet,60,608,5932.29,9.76,0.16,Hetero Unit III Hyderabad IN,No,Weight Captured Separately,Freight Included in Commodity Cost,7.34
82956,104-CI-T30,FPQ-6495,SO-39860,DN-2246,Côte d'Ivoire,PMO - US,From RDC,N/A - From RDC,Air,10/4/2010,N/A - From RDC,30-Jun-11,26-Jun-11,26-Jun-11,ARV,Pediatric,SCMS from RDC,"Zidovudine 10mg/ml, oral solution w/syringe, Bottle, 240 ml",Zidovudine,Generic,10mg/ml,Oral solution,240,390,819.0,2.1,0.01,"Aurobindo Unit III, India",Yes,140,2503.33,1.77
11769,119-NA-T01,Pre-PQ Process,SO-1007,DN-358,Namibia,PMO - US,From RDC,N/A - From RDC,Air,Pre-PQ Process,N/A - From RDC,21-Sep-07,21-Sep-07,21-Sep-07,HRDT,HIV test,SCMS from RDC,"HIV 1/2, Determine Complete HIV Kit, 100 Tests","HIV 1/2, Determine Complete HIV Kit",Determine,,Test kit,100,170,13600.0,80.0,0.8,ABBVIE GmbH & Co.KG Wiesbaden,Yes,39,541.42,21.76
84566,106-HT-T30,FPQ-4384,SO-34660,DN-1837,Haiti,PMO - US,From RDC,N/A - From RDC,Air,10/23/2009,N/A - From RDC,31-May-10,1-Jun-10,1-Jun-10,ARV,Adult,SCMS from RDC,"Lamivudine/Zidovudine 150/300mg, tablets, 60 Tabs",Lamivudine/Zidovudine,Generic,150/300mg,Tablet - FDC,60,14875,130305.0,8.76,0.15,Mylan (formerly Matrix) Nashik,No,See DN-1837 (ID#:83429),See DN-1837 (ID#:83429),280.94
85048,110-ZM-T30,FPQ-14575,SO-49283,DN-4331,Zambia,PMO - US,From RDC,N/A - From RDC,Truck,7/11/2014,N/A - From RDC,14-Aug-15,25-Aug-15,3-Sep-15,ARV,Adult,SCMS from RDC,"Lamivudine/Zidovudine 150/300mg, tablets, 60 Tabs",Lamivudine/Zidovudine,Generic,150/300mg,Tablet - FDC,60,6258,40802.16,6.52,0.11,Mylan (formerly Matrix) Nashik,No,Weight Captured Separately,Freight Included in Commodity Cost,41.94
79128,114-UG-T30,FPQ-9365,SCMS-142230,ASN-14835,Uganda,PMO - US,Direct Drop,CIP,Air,3/15/2012,4/4/2012,21-May-12,21-May-12,21-May-12,ARV,Adult,MERCK SHARP & DOHME IDEA GMBH (FORMALLY MERCK SHARP & DOHME B.V.),"Raltegravir 400mg [Isentress], tablets, 60 Tabs",Raltegravir,Isentress,400mg,Tablet,60,180,9990.0,55.5,0.92,"MSD, Haarlem, NL",No,See ASN-14835 (ID#:77780),See ASN-14835 (ID#:77780),14.01
6369,106-HT-T01,Pre-PQ Process,SCMS-40030,ASN-3748,Haiti,PMO - US,Direct Drop,FCA,Air,Pre-PQ Process,3/6/2009,15-Apr-09,15-Apr-09,15-Apr-09,ARV,Adult,ABBVIE LOGISTICS (FORMERLY ABBOTT LOGISTICS BV),"Lopinavir/Ritonavir 200/50mg [Aluvia], tablets, 120 Tabs",Lopinavir/Ritonavir,Aluvia,200/50mg,Tablet,120,10,411.0,41.1,0.34,ABBVIE Ludwigshafen Germany,Yes,9,807.28,0.81
85502,151-NG-T30,FPQ-14156,SO-48901,DN-3807,Nigeria,PMO - US,From RDC,N/A - From RDC,Air Charter,4/25/2014,N/A - From RDC,31-Oct-14,20-Jun-14,25-Jun-14,ARV,Adult,SCMS from RDC,"Lamivudine/Tenofovir Disoproxil Fumarate 300/300mg, tablets, 30 Tabs",Lamivudine/Tenofovir Disoproxil Fumarate,Generic,300/300mg,Tablet - FDC,30,7354,34122.56,4.64,0.15,Hetero Unit III Hyderabad IN,No,See DN-3807 (ID#:82698),See DN-3807 (ID#:82698),35.08
11511,113-ZW-T01,Pre-PQ Process,SO-1439,DN-477,Zimbabwe,PMO - US,From RDC,N/A - From RDC,Air,Pre-PQ Process,N/A - From RDC,11-Jan-08,11-Jan-08,11-Jan-08,HRDT,HIV test,SCMS from RDC,"HIV 1/2, Bioline 3.0 Kit, Lancets, Capillary pipets, Alcohol swabs included, 25 Tests","HIV 1/2, Bioline 3.0 Kit, Lancets, Capillary pipets, Alcohol swabs included",Bioline,,Test kit,25,3508,70160.0,20.0,0.8,"Standard Diagnostics, Korea",Yes,1052,4641.85,112.26
21217,109-TZ-T30,FPQ-13927,SCMS-232850,ASN-25559,Tanzania,PMO - US,Direct Drop,EXW,Air,3/21/2014,3/27/2014,24-Jun-14,24-Jun-14,24-Jun-14,ARV,Pediatric,MYLAN LABORATORIES LTD (FORMERLY MATRIX LABORATORIES),"Lamivudine/Nevirapine/Zidovudine 30/50/60mg, dispersible tablets, 60 Tabs",Lamivudine/Nevirapine/Zidovudine,Generic,30/50/60mg,Chewable/dispersible tablet - FDC,60,36000,129600.0,3.6,0.06,Mylan (formerly Matrix) Nashik,Yes,2205,9815.52,133.23
12838,111-MZ-T01,Pre-PQ Process,SO-2424,DN-850,Mozambique,PMO - US,From RDC,N/A - From RDC,Air,Pre-PQ Process,N/A - From RDC,5-Sep-08,5-Sep-08,5-Sep-08,ARV,Adult,SCMS from RDC,"Lamivudine/Stavudine 150/30mg, tablets, 60 Tabs",Lamivudine/Stavudine,Generic,150/30mg,Tablet - FDC,60,11980,46722.0,3.9,0.06,Mylan (formerly Matrix) Nashik,No,See DN-850 (ID#:10733),See DN-850 (ID#:10733),74.76
10780,110-ZM-T01,Pre-PQ Process,SO-31940,DN-1301,Zambia,PMO - US,From RDC,N/A - From RDC,Air,Pre-PQ Process,N/A - From RDC,24-Jun-09,24-Jun-09,24-Jun-09,ARV,Pediatric,SCMS from RDC,"Efavirenz 200mg, capsule, 90 Caps",Efavirenz,Generic,200mg,Capsule,90,1093,16679.18,15.26,0.17,"Aurobindo Unit III, India",Yes,133,1759.21,32.69
84738,151-NG-T30,FPQ-9432,SO-42930,DN-2791,Nigeria,PMO - US,From RDC,N/A - From RDC,Air Charter,3/1/2012,N/A - From RDC,20-Aug-12,14-Aug-12,14-Aug-12,ARV,Adult,SCMS from RDC,"Lamivudine/Zidovudine 150/300mg, tablets, 60 Tabs",Lamivudine/Zidovudine,Generic,150/300mg,Tablet - FDC,60,12616,100928.0,8.0,0.13,Hetero Unit III Hyderabad IN,No,See DN-2791 (ID#:83064),See DN-2791 (ID#:83064),141.5
12536,114-UG-T01,Pre-PQ Process,SO-17450,DN-970,Uganda,PMO - US,From RDC,N/A - From RDC,Ocean,Pre-PQ Process,N/A - From RDC,2-Feb-09,2-Feb-09,2-Feb-09,ARV,Adult,SCMS from RDC,"Lamivudine/Stavudine 150/30mg, tablets, 30 Tabs",Lamivudine/Stavudine,Generic,150/30mg,Tablet - FDC,30,1166,2332.0,2.0,0.07,"Cipla, Goa, India",Yes,71,1240,4.57
9628,102-GY-T01,Pre-PQ Process,SCMS-18480,ASN-1503,Guyana,PMO - US,Direct Drop,EXW,Air,Pre-PQ Process,2/28/2008,9-Apr-08,9-Apr-08,9-Apr-08,HRDT,HIV test,"Orgenics, Ltd","HIV 1/2, Determine HIV Kit, without Lancets, 100 Tests","HIV 1/2, Determine HIV Kit, without Lancets",Determine,,Test kit,100,240,17277.6,71.99,0.72,Inverness Japan,Yes,55,1442.92,27.64
85713,110-ZM-T30,FPQ-5702,SO-36842,DN-2032,Zambia,PMO - US,From RDC,N/A - From RDC,Truck,5/20/2010,N/A - From RDC,4-Nov-10,8-Nov-10,8-Nov-10,ARV,Adult,SCMS from RDC,"Lamivudine/Nevirapine/Stavudine 150/200/30mg, tablets, 60 Tabs",Lamivudine/Nevirapine/Stavudine,Generic,150/200/30mg,Tablet - FDC,60,69247,376011.21,5.43,0.09,"Cipla, Goa, India",No,See DN-2032 (ID#:82921),See DN-2032 (ID#:82921),810.68
12748,104-CI-T01,Pre-PQ Process,SO-604,DN-446,Côte d'Ivoire,PMO - US,From RDC,N/A - From RDC,Air,Pre-PQ Process,N/A - From RDC,30-Nov-07,30-Nov-07,30-Nov-07,ARV,Adult,SCMS from RDC,"Abacavir/Lamivudine/Zidovudine 300/150/300mg [Trizivir], tablets, 60 Tabs",Abacavir/Lamivudine/Zidovudine,Trizivir,300/150/300mg,Tablet - FDC,60,488,34160.0,70.0,1.17,GSK Ware (UK),No,See DN-446 (ID#:11204),See DN-446 (ID#:11204),54.66
18422,110-ZM-T30,FPQ-5516,SCMS-70750,ASN-7387,Zambia,PMO - US,Direct Drop,CIP,Air,4/14/2010,5/25/2010,8-Jul-10,8-Jul-10,8-Jul-10,ARV,Adult,INTERNATIONAL HEALTHCARE DISTRIBUTORS,"Lopinavir/Ritonavir 200/50mg [Aluvia], tablets, 120 Tabs",Lopinavir/Ritonavir,Aluvia,200/50mg,Tablet,120,10000,369100.0,36.91,0.31,ABBVIE Ludwigshafen Germany,Yes,2294,1100.2,795.78
52228,107-RW-T30,FPQ-12409,SCMS-193930,ASN-22289,Rwanda,PMO - US,Direct Drop,CIP,Air,5/31/2013,6/13/2013,19-Oct-13,19-Oct-13,22-Oct-13,ARV,Adult,MERCK SHARP & DOHME IDEA GMBH (FORMALLY MERCK SHARP & DOHME B.V.),"Indinavir 400mg [Crixivan], capsules, 180 Caps",Indinavir,Crixivan,400mg,Capsule,180,36,1800.0,50.0,0.28,"MSD, Haarlem, NL",Yes,Weight Captured Separately,Freight Included in Commodity Cost,2.23
82411,114-UG-T30,FPQ-7166,SO-38872,DN-2382,Uganda,PMO - US,From RDC,N/A - From RDC,Air,2/11/2011,N/A - From RDC,30-Oct-11,1-Nov-11,1-Nov-11,ARV,Pediatric,SCMS from RDC,"Nevirapine 10mg/ml, oral suspension w/syringe, Bottle, 240 ml",Nevirapine,Generic,10mg/ml,Oral suspension,240,13993,27286.35,1.95,0.01,"Aurobindo Unit III, India",Yes,5262,27823.07,45.02
24519,107-RW-T30,FPQ-7987,SCMS-118030,ASN-12645,Rwanda,PMO - US,Direct Drop,EXW,Air,7/25/2011,8/12/2011,23-Nov-11,23-Nov-11,23-Nov-11,HRDT,HIV test,"Trinity Biotech, Plc","HIV 1/2, Uni-Gold HIV Kit, 20 Tests","HIV 1/2, Uni-Gold HIV Kit",Uni-Gold,,Test kit,20,873,27936.0,32.0,1.6,"Trinity Biotech, Plc",Yes,292,6233.79,46.09
85223,101-CD-T30,FPQ-8840,SO-41135,DN-2497,"Congo, DRC",PMO - US,From RDC,N/A - From RDC,Air,11/21/2011,N/A - From RDC,16-Mar-12,14-Feb-12,14-Feb-12,ARV,Adult,SCMS from RDC,"Lopinavir/Ritonavir 200/50mg, tablets, 120 Tabs",Lopinavir/Ritonavir,Generic,200/50mg,Tablet,120,9,303.66,33.74,0.28,"Aurobindo Unit III, India",No,See DN-2497 (ID#:82435),See DN-2497 (ID#:82435),0.43
35372,108-VN-T30,FPQ-13976,SCMS-236100,ASN-28777,Vietnam,PMO - US,Direct Drop,EXW,Air,4/8/2014,4/30/2014,26-Nov-14,26-Nov-14,26-Nov-14,ARV,Adult,MICRO LABS LIMITED,"Nevirapine 200mg, tablets, 60 Tabs",Nevirapine,Generic,200mg,Tablet,60,8400,17472.0,2.08,0.03,"Micro labs, Verna, Goa, India",No,See ASN-28777 (ID#:22196),See ASN-28777 (ID#:22196),17.96
17359,116-ZA-T30,FPQ-14942,SCMS-259075,ASN-32138,South Africa,PMO - US,Direct Drop,DDP,Truck,9/11/2014,5/11/2015,12-May-15,12-May-15,12-May-15,ARV,Adult,PHARMACY DIRECT,"Saquinavir 200mg [Invirase], capsules, 270 Caps",Saquinavir,Invirase,200mg,Capsule,270,3,166.54,55.51,0.21,Roche Madrid,Yes,Weight Captured Separately,Freight Included in Commodity Cost,0.17
82967,111-MZ-T30,FPQ-7053,SO-38633,DN-2302,Mozambique,PMO - US,From RDC,N/A - From RDC,Truck,1/24/2011,N/A - From RDC,31-Aug-11,15-Sep-11,15-Sep-11,ARV,Adult,SCMS from RDC,"Lamivudine/Zidovudine 150/300mg, tablets, 60 Tabs",Lamivudine/Zidovudine,Generic,150/300mg,Tablet - FDC,60,25312,216417.6,8.55,0.14,"Aurobindo Unit III, India",Yes,4988,7960.74,357.09
63826,104-CI-T30,FPQ-12150,SCMS-191930,ASN-23812,Côte d'Ivoire,PMO - US,Direct Drop,FCA,Air,4/29/2013,6/12/2013,24-Jan-14,24-Jan-14,27-Jan-14,ARV,Pediatric,ABBVIE LOGISTICS (FORMERLY ABBOTT LOGISTICS BV),"Lopinavir/Ritonavir 80/20mg/ml [Kaletra], oral solution, cool, Bottle 5 x 60 ml",Lopinavir/Ritonavir,Kaletra,80/20mg/ml,Oral solution,300,340,10478.8,30.82,0.1,ABBVIE (Abbott) Logis. UK,Yes,336,3899.33,12.96
73314,111-MZ-T30,FPQ-8527,SCMS-130160,ASN-13819,Mozambique,PMO - US,Direct Drop,EXW,Air,10/5/2011,12/29/2011,2-May-12,2-May-12,2-May-12,HRDT,HIV test,"Orgenics, Ltd","HIV 1/2, Determine Complete HIV Kit, 100 Tests","HIV 1/2, Determine Complete HIV Kit",Determine,,Test kit,100,2891,231280.0,80.0,0.8,"Alere Medical Co., Ltd.",Yes,1378,25607.44,381.61
69657,101-CD-T30,FPQ-16001,SCMS-280210,ASN-31750,"Congo, DRC",PMO - US,Direct Drop,EXW,Air,3/10/2015,3/16/2015,2-Jul-15,2-Jul-15,30-Jul-15,HRDT,HIV test,"Trinity Biotech, Plc","HIV 1/2, Uni-Gold HIV Kit, 20 Tests","HIV 1/2, Uni-Gold HIV Kit",Uni-Gold,,Test kit,20,214,6848.0,32.0,1.6,"Trinity Biotech, Plc",No,See ASN-31750 (ID#:19272),See ASN-31750 (ID#:19272),8.06
72546,108-VN-T30,FPQ-12539,SCMS-199700,ASN-23139,Vietnam,PMO - US,Direct Drop,FCA,Air,7/11/2013,7/30/2013,6-Jan-14,6-Jan-14,13-Jan-14,ARV,Adult,ABBVIE LOGISTICS (FORMERLY ABBOTT LOGISTICS BV),"Lopinavir/Ritonavir 200/50mg [Aluvia], tablets, 120 Tabs",Lopinavir/Ritonavir,Aluvia,200/50mg,Tablet,120,4033,245287.06,60.82,0.51,ABBVIE Ludwigshafen Germany,Yes,Weight Captured Separately,Invoiced Separately,303.42
85433,151-NG-T30,FPQ-12248,SO-45663,DN-3494,Nigeria,PMO - US,From RDC,N/A - From RDC,Air Charter,5/6/2013,N/A - From RDC,17-Jan-14,10-Jan-14,15-Jan-14,ARV,Adult,SCMS from RDC,"Efavirenz/Lamivudine/Tenofovir Disoproxil Fumarate 600/300/300mg, tablets, 30 Tabs",Efavirenz/Lamivudine/Tenofovir Disoproxil Fumarate,Generic,600/300/300mg,Tablet - FDC,30,249986,2787343.9,11.15,0.37,Mylan (formerly Matrix) Nashik,No,See DN-3494 (ID#:84883),See DN-3494 (ID#:84883),3447.94
30649,116-ZA-T30,FPQ-4770,SCMS-60170,ASN-5933,South Africa,PMO - US,Direct Drop,DDP,Truck,12/17/2009,12/23/2009,29-Dec-09,29-Dec-09,29-Dec-09,ARV,Adult,S. BUYS WHOLESALER,"Efavirenz 600mg, tablets, 30 Tabs",Efavirenz,Generic,600mg,Tablet,30,2700,52283.01,19.36,0.65,"Cipla, Goa, India",No,Weight Captured Separately,Freight Included in Commodity Cost,112.72
47312,116-ZA-T30,FPQ-13214,SCMS-215410,ASN-23875,South Africa,PMO - US,Direct Drop,DDP,Truck,11/14/2013,12/2/2013,13-Jan-14,13-Jan-14,13-Jan-14,ARV,Adult,S. BUYS WHOLESALER,"Emtricitabine/Tenofovir Disoproxil Fumarate 200/300mg, tablets, 30 Tabs",Emtricitabine/Tenofovir Disoproxil Fumarate,Generic,200/300mg,Tablet - FDC,30,26,777.92,29.92,1.0,"Aurobindo Unit III, India",No,Weight Captured Separately,Freight Included in Commodity Cost,0.8
85844,102-BI-T30,FPQ-9229,SO-41530,DN-2594,Burundi,PMO - US,From RDC,N/A - From RDC,Air,1/25/2012,N/A - From RDC,26-Apr-12,4-May-12,4-May-12,ARV,Pediatric,SCMS from RDC,"Nevirapine 10mg/ml, oral suspension w/syringe, Bottle, 240 ml",Nevirapine,Generic,10mg/ml,Oral suspension,240,170,331.5,1.95,0.01,"Aurobindo Unit III, India",No,See DN-2594 (ID#:83021),See DN-2594 (ID#:83021),0.46
83039,114-UG-T30,FPQ-9875,SO-42080,DN-2677,Uganda,PMO - US,From RDC,N/A - From RDC,Truck,5/9/2012,N/A - From RDC,17-Aug-12,8-Jun-12,8-Jun-12,ARV,Adult,SCMS from RDC,"Lamivudine/Zidovudine 150/300mg, tablets, 60 Tabs",Lamivudine/Zidovudine,Generic,150/300mg,Tablet - FDC,60,17827,138694.06,7.78,0.13,Hetero Unit III Hyderabad IN,Yes,2939,17665.42,194.45
11669,114-UG-T01,Pre-PQ Process,SO-31460,DN-1300,Uganda,PMO - US,From RDC,N/A - From RDC,Air,Date Not Captured,N/A - From RDC,15-Sep-09,15-Sep-09,15-Sep-09,ARV,Adult,SCMS from RDC,"Emtricitabine/Tenofovir Disoproxil Fumarate 200/300mg [Truvada], tablets, 30 Tabs",Emtricitabine/Tenofovir Disoproxil Fumarate,Truvada,300/200mg,Tablet - FDC,30,1201,31526.25,26.25,0.88,"Aspen-OSD, Port Elizabeth, SA",Yes,327,2737.97,61.79
81352,116-ZA-T30,FPQ-3560,SCMS-49670,ASN-5049,South Africa,PMO - US,Direct Drop,DDP,Truck,5/7/2009,7/21/2009,12-Aug-09,12-Aug-09,12-Aug-09,ARV,Pediatric,S. BUYS WHOLESALER,"Lopinavir/Ritonavir 80/20mg/ml [Kaletra], oral solution, cool, Bottle 5 x 60 ml",Lopinavir/Ritonavir,Kaletra,80/20mg/ml,Oral solution,300,540,23535.6,43.58,0.15,ABBVIE (Abbott) Logis. UK,Yes,Weight Captured Separately,Freight Included in Commodity Cost,46.13
85373,110-ZM-T30,FPQ-10728,SO-43461,DN-3210,Zambia,PMO - US,From RDC,N/A - From RDC,Truck,10/5/2012,N/A - From RDC,5-Nov-13,5-Nov-13,12-Nov-13,ARV,Adult,SCMS from RDC,"Lamivudine/Zidovudine 150/300mg, tablets, 60 Tabs",Lamivudine/Zidovudine,Generic,150/300mg,Tablet - FDC,60,107832,754824.0,7.0,0.12,"Cipla, Goa, India",Yes,8744,12651.44,1058.26
36710,102-MW-T30,FPQ-11638,SCMS-179340,ASN-19207,Malawi,PMO - US,Direct Drop,EXW,Air,2/22/2013,3/14/2013,3-May-13,3-May-13,3-May-13,HRDT,HIV test,"Trinity Biotech, Plc","HIV 1/2, Uni-Gold HIV Kit, 20 Tests","HIV 1/2, Uni-Gold HIV Kit",Uni-Gold,,Test kit,20,94,3008.0,32.0,1.6,"Trinity Biotech, Plc",Yes,32,1136.31,3.72
28085,108-VN-T30,FPQ-8428,SCMS-123520,ASN-13475,Vietnam,PMO - US,Direct Drop,EXW,Air,9/21/2011,10/4/2011,1-Mar-12,1-Mar-12,1-Mar-12,ARV,Adult,Aurobindo Pharma Limited,"Abacavir 300mg, tablets, 60 Tabs",Abacavir,Generic,300mg,Tablet,60,388,5606.6,14.45,0.24,"Aurobindo Unit III, India",No,See ASN-13475 (ID#:15772),See ASN-13475 (ID#:15772),9.25
83425,151-NG-T30,FPQ-4537,SO-34891,DN-1813,Nigeria,PMO - US,From RDC,N/A - From RDC,Air Charter,11/6/2009,N/A - From RDC,31-May-10,18-May-10,18-May-10,ARV,Adult,SCMS from RDC,"Nevirapine 200mg, tablets, 60 Tabs",Nevirapine,Generic,200mg,Tablet,60,20000,53200.0,2.66,0.04,"Strides, Bangalore, India.",Yes,1098,9736.1,114.7
49498,114-UG-T30,FPQ-10489,SCMS-159290,ASN-16575,Uganda,PMO - US,Direct Drop,CIP,Air,8/24/2012,9/7/2012,5-Oct-12,5-Oct-12,5-Oct-12,ARV,Adult,MERCK SHARP & DOHME IDEA GMBH (FORMALLY MERCK SHARP & DOHME B.V.),"Raltegravir 400mg [Isentress], tablets, 60 Tabs",Raltegravir,Isentress,400mg,Tablet,60,390,21645.0,55.5,0.92,"MSD, Haarlem, NL",Yes,39,433,30.35
85783,111-MZ-T30,FPQ-7053,SO-38680,DN-2316,Mozambique,PMO - US,From RDC,N/A - From RDC,Truck,1/24/2011,N/A - From RDC,30-Sep-11,15-Sep-11,15-Sep-11,ARV,Adult,SCMS from RDC,"Lamivudine 150mg, tablets, 60 Tabs",Lamivudine,Generic,150mg,Tablet,60,3357,7821.81,2.33,0.04,Hetero Unit III Hyderabad IN,Yes,181,315.51,12.91
35652,116-ZA-T30,FPQ-12522,SCMS-199289,ASN-28037,South Africa,PMO - US,Direct Drop,DDP,Truck,7/11/2013,8/29/2014,29-Aug-14,29-Aug-14,29-Aug-14,ARV,Pediatric,S. BUYS WHOLESALER,"Efavirenz 200mg, capsule, 90 Caps",Efavirenz,Generic,200mg,Capsule,90,59,1535.78,26.03,0.29,"Aurobindo Unit III, India",No,Weight Captured Separately,Freight Included in Commodity Cost,1.9
3751,116-ZA-T01,Pre-PQ Process,SCMS-41190,ASN-3732,South Africa,PMO - US,Direct Drop,DDP,Air,Pre-PQ Process,Date Not Captured,30-Mar-09,21-Jan-09,21-Jan-09,ARV,Adult,S. BUYS WHOLESALER,"Didanosine EC 400mg [Videx EC], delayed-release capsules, Blister 3 x 10 Caps",Didanosine EC,Videx EC,400mg,Delayed-release capsules - blister,30,60,1095.0,18.25,0.61,"BMS Meymac, France",No,Weight Captured Separately,Freight Included in Commodity Cost,2.15
3735,116-ZA-T01,Pre-PQ Process,SCMS-40780,ASN-3607,South Africa,PMO - US,Direct Drop,DDP,Air,Pre-PQ Process,Date Not Captured,17-Mar-09,28-Nov-08,28-Nov-08,ARV,Adult,S. BUYS WHOLESALER,"Stavudine 15mg [Zerit], capsules, 60 Caps",Stavudine,Zerit,15mg,Capsule,60,1000,3970.0,3.97,0.07,"BMS Meymac, France",No,Weight Captured Separately,Freight Included in Commodity Cost,7.78
49832,105-SS-T30,FPQ-11539,SCMS-176931,ASN-20331,South Sudan,PMO - US,Direct Drop,EXW,Air,1/24/2013,2/26/2013,20-Sep-13,20-Sep-13,20-Sep-13,HRDT,HIV test,"Orgenics, Ltd","HIV 1/2, Determine Complete HIV Kit, 100 Tests","HIV 1/2, Determine Complete HIV Kit",Determine,,Test kit,100,250,22250.0,89.0,0.89,"Alere Medical Co., Ltd.",No,See ASN-20331 (ID#:34113),See ASN-20331 (ID#:34113),27.52
71116,106-HT-T30,FPQ-13797,SCMS-233981,ASN-27709,Haiti,PMO - US,Direct Drop,EXW,Ocean,3/20/2014,5/30/2014,28-Oct-14,28-Oct-14,21-Nov-14,ARV,Adult,CIPLA LIMITED,"Lamivudine/Tenofovir Disoproxil Fumarate 300/300mg, tablets, 30 Tabs",Lamivudine/Tenofovir Disoproxil Fumarate,Generic,300/300mg,Tablet - FDC,30,11194,51380.46,4.59,0.15,"Cipla, Kurkumbh, India",Yes,Weight Captured Separately,Invoiced Separately,52.82
38914,116-ZA-T30,FPQ-5381,SCMS-69590,ASN-6724,South Africa,PMO - US,Direct Drop,DDP,Truck,3/23/2010,3/25/2010,1-Apr-10,1-Apr-10,1-Apr-10,ARV,Adult,S. BUYS WHOLESALER,"Emtricitabine/Tenofovir Disoproxil Fumarate 200/300mg [Truvada], tablets, 30 Tabs",Emtricitabine/Tenofovir Disoproxil Fumarate,Truvada,300/200mg,Tablet - FDC,30,240,11495.46,47.9,1.6,"Aspen-OSD, Port Elizabeth, SA",Yes,Weight Captured Separately,Freight Included in Commodity Cost,24.78
1213,108-VN-T01,Pre-PQ Process,SCMS-46550,ASN-4488,Vietnam,PMO - US,Direct Drop,CIP,Air,Pre-PQ Process,5/27/2009,28-Jul-09,28-Jul-09,28-Jul-09,ARV,Pediatric,BRISTOL-MYERS SQUIBB,"Didanosine 25mg [Videx], chewable tablets, 60 Tabs",Didanosine,Videx,25mg,Chewable/dispersible tablet,60,400,2800.0,7.0,0.12,"BMS Meymac, France",Yes,148,14.36,5.49
82786,151-NG-T30,FPQ-14766,SO-49685,DN-4172,Nigeria,PMO - US,From RDC,N/A - From RDC,Air Charter,8/13/2014,N/A - From RDC,28-Feb-15,10-Mar-15,17-Mar-15,ARV,Adult,SCMS from RDC,"Lamivudine/Nevirapine/Zidovudine 150/200/300mg, tablets, 60 Tabs",Lamivudine/Nevirapine/Zidovudine,Generic,150/300/200mg,Tablet - FDC,60,59014,455588.08,7.72,0.13,Hetero Unit III Hyderabad IN,No,See DN-4172 (ID#:82785),See DN-4172 (ID#:82785),468.34
11909,126-NG-T01,Pre-PQ Process,SO-10770,DN-870,Nigeria,PMO - US,From RDC,N/A - From RDC,Air,Pre-PQ Process,N/A - From RDC,18-Aug-08,18-Aug-08,18-Aug-08,ARV,Adult,SCMS from RDC,"Stavudine 30mg, capsules, 60 Caps",Stavudine,Generic,30mg,Capsule,60,13380,20739.0,1.55,0.03,"Aurobindo Unit III, India",Yes,925,9185.15,33.18
61696,108-VN-T30,FPQ-5317,SCMS-69530,ASN-7487,Vietnam,PMO - US,Direct Drop,EXW,Air,3/22/2010,3/29/2010,3-Aug-10,3-Aug-10,3-Aug-10,ARV,Adult,STRIDES ARCOLAB LIMITED,"Nevirapine 200mg, tablets, 60 Tabs",Nevirapine,Generic,200mg,Tablet,60,10935,28431.0,2.6,0.04,"Strides, Bangalore, India.",No,See ASN-7487 (ID#:48120),See ASN-7487 (ID#:48120),61.3
12631,110-ZM-T01,Pre-PQ Process,SO-232,DN-89,Zambia,PMO - US,From RDC,N/A - From RDC,,Pre-PQ Process,N/A - From RDC,4-May-07,4-May-07,4-May-07,HRDT,HIV test,SCMS from RDC,"HIV 1/2, Determine Complete HIV Kit, 100 Tests","HIV 1/2, Determine Complete HIV Kit",Determine,,Test kit,100,600,48000.0,80.0,0.8,ABBVIE GmbH & Co.KG Wiesbaden,No,See DN-89 (ID#:10813),See DN-89 (ID#:10813),
10859,109-TZ-T01,Pre-PQ Process,SO-455,DN-290,Tanzania,PMO - US,From RDC,N/A - From RDC,,Pre-PQ Process,N/A - From RDC,10-Sep-07,10-Sep-07,10-Sep-07,ARV,Adult,SCMS from RDC,"Abacavir 300mg, tablets, 60 Tabs",Abacavir,Generic,300mg,Tablet,60,3896,139476.8,35.8,0.6,"Aurobindo Unit III, India",Yes,3369,9689,223.16
27708,104-CI-T30,FPQ-9554,SCMS-142490,ASN-14433,Côte d'Ivoire,PMO - US,Direct Drop,EXW,Air,3/19/2012,3/27/2012,25-Apr-12,25-Apr-12,25-Apr-12,HRDT,HIV test,"Orgenics, Ltd","HIV 1/2, Determine Complete HIV Kit, 100 Tests","HIV 1/2, Determine Complete HIV Kit",Determine,,Test kit,100,596,47680.0,80.0,0.8,"Alere Medical Co., Ltd.",Yes,287,7024.86,66.85
85719,113-ZW-T30,FPQ-4694,SO-35370,DN-2041,Zimbabwe,PMO - US,From RDC,N/A - From RDC,Truck,12/8/2009,N/A - From RDC,30-Nov-10,25-Nov-10,25-Nov-10,ARV,Adult,SCMS from RDC,"Lamivudine/Stavudine 150/30mg, tablets, 60 Tabs",Lamivudine/Stavudine,Generic,150/30mg,Tablet - FDC,60,5900,18880.0,3.2,0.05,"Cipla, Goa, India",No,See DN-2041 (ID#:83461),See DN-2041 (ID#:83461),40.71
76833,109-TZ-T30,FPQ-9211,SCMS-135870,ASN-13850,Tanzania,PMO - US,Direct Drop,EXW,Air,1/25/2012,1/27/2012,7-Mar-12,7-Mar-12,7-Mar-12,HRDT,HIV test,"Orgenics, Ltd","HIV 1/2, Determine Complete HIV Kit, 100 Tests","HIV 1/2, Determine Complete HIV Kit",Determine,,Test kit,100,2072,165760.0,80.0,0.8,"Alere Medical Co., Ltd.",Yes,989,17512.52,232.4
76197,105-SS-T30,FPQ-12623,SCMS-200921,ASN-22955,South Sudan,PMO - US,Direct Drop,EXW,Air,7/18/2013,8/6/2013,11-Feb-14,11-Feb-14,11-Feb-14,HRDT,HIV test,"Trinity Biotech, Plc","HIV 1/2, Uni-Gold HIV Kit, 20 Tests","HIV 1/2, Uni-Gold HIV Kit",Uni-Gold,,Test kit,20,450,14400.0,32.0,1.6,"Trinity Biotech, Plc",No,See ASN-22955 (ID#:19019),See ASN-22955 (ID#:19019),17.81
8893,108-VN-T01,Pre-PQ Process,SCMS-37190,ASN-3522,Vietnam,PMO - US,Direct Drop,EXW,Air,Pre-PQ Process,1/16/2009,27-Mar-09,27-Mar-09,27-Mar-09,ARV,Adult,CIPLA LIMITED,"Lamivudine/Nevirapine/Stavudine 150/200/30mg, tablets, 60 Tabs",Lamivudine/Nevirapine/Stavudine,Generic,150/200/30mg,Tablet - FDC,60,24480,168912.0,6.9,0.12,"Cipla, Goa, India",Yes,2165,4443.97,331.07
83612,107-RW-T30,FPQ-10119,SO-42701,DN-2801,Rwanda,PMO - US,From RDC,N/A - From RDC,Air,6/18/2012,N/A - From RDC,3-Oct-12,17-Aug-12,17-Aug-12,ARV,Adult,SCMS from RDC,"Lamivudine/Stavudine 150/30mg, tablets, 60 Tabs",Lamivudine/Stavudine,Generic,150/30mg,Tablet - FDC,60,7300,21535.0,2.95,0.05,"Strides, Bangalore, India.",Yes,375,2719.63,30.19
23156,108-VN-T30,FPQ-13524,SCMS-226260,ASN-26928,Vietnam,PMO - US,Direct Drop,EXW,Air,2/6/2014,3/10/2014,13-Aug-14,30-Jul-14,1-Aug-14,ARV,Adult,HETERO LABS LIMITED,"Efavirenz/Lamivudine/Tenofovir Disoproxil Fumarate 600/300/300mg, tablets, 30 Tabs",Efavirenz/Lamivudine/Tenofovir Disoproxil Fumarate,Generic,600/300/300mg,Tablet - FDC,30,16528,173544.0,10.5,0.35,Hetero Unit III Hyderabad IN,Yes,3283,5173.14,178.4
82545,104-CI-T30,FPQ-10633,SO-43331,DN-3022,Côte d'Ivoire,PMO - US,From RDC,N/A - From RDC,Truck,9/11/2012,N/A - From RDC,28-Mar-13,28-Feb-13,28-Feb-13,ARV,Adult,SCMS from RDC,"Lamivudine/Tenofovir Disoproxil Fumarate 300/300mg, tablets, 30 Tabs",Lamivudine/Tenofovir Disoproxil Fumarate,Generic,300/300mg,Tablet - FDC,30,6500,30550.0,4.7,0.16,Hetero Unit III Hyderabad IN,Yes,677,3880.14,42.83
25854,123-NG-T30,FPQ-8934,SCMS-140020,ASN-15131,Nigeria,PMO - US,Direct Drop,EXW,Air,2/8/2012,5/15/2012,29-Jun-12,29-Jun-12,29-Jun-12,ACT,ACT,NOVARTIS PHARMA SERVICES AG,"Artemether/Lumefantrine 20/120mg [Coartem], scored tablets, Blister 30 x 24 Tabs",Artemether/Lumefantrine,Coartem,20/120mg,Tablet - FDC + blister,720,2884,131510.4,45.6,0.06,"Novartis Pharma Suffern, USA",Yes,2006,12723.32,184.38
83326,114-UG-T30,FPQ-15294,SO-50050,DN-4218,Uganda,PMO - US,From RDC,N/A - From RDC,Truck,11/3/2014,N/A - From RDC,15-Jun-15,14-May-15,15-May-15,ARV,Pediatric,SCMS from RDC,"Lamivudine/Zidovudine 30/60mg, dispersible tablets, 60 Tabs",Lamivudine/Zidovudine,Generic,30/60mg,Chewable/dispersible tablet - FDC,60,7559,14513.28,1.92,0.03,"Cipla, Goa, India",Yes,21710,18500.5,17.08
84759,109-TZ-T30,FPQ-9774,SO-42650,DN-2883,Tanzania,PMO - US,From RDC,N/A - From RDC,Truck,5/2/2012,N/A - From RDC,30-Nov-12,31-Oct-12,31-Oct-12,ARV,Adult,SCMS from RDC,"Abacavir 300mg, tablets, 60 Tabs",Abacavir,Generic,300mg,Tablet,60,13784,178640.64,12.96,0.22,Mylan (formerly Matrix) Nashik,No,See DN-2883 (ID#:83630),See DN-2883 (ID#:83630),250.45
70404,108-VN-T30,FPQ-12051,SCMS-190510,ASN-21651,Vietnam,PMO - US,Direct Drop,EXW,Air,5/3/2013,5/21/2013,24-Sep-13,24-Sep-13,24-Sep-13,ARV,Adult,HETERO LABS LIMITED,"Efavirenz 600mg, tablets, 30 Tabs",Efavirenz,Generic,600mg,Tablet,30,14374,46571.76,3.24,0.11,"Hetero, Jadcherla, unit 5, IN",Yes,1228,1849.17,57.61
1063,116-ZA-T01,Pre-PQ Process,SCMS-40810,ASN-3634,South Africa,PMO - US,Direct Drop,DDP,Air,Pre-PQ Process,Date Not Captured,31-Mar-09,2-Dec-08,2-Dec-08,ARV,Adult,S. BUYS WHOLESALER,"Efavirenz 600mg, tablets, 30 Tabs",Efavirenz,Generic,600mg,Tablet,30,3025,47522.75,15.71,0.52,"Aurobindo Unit III, India",Yes,Weight Captured Separately,Freight Included in Commodity Cost,93.14
27969,116-ZA-T30,FPQ-13973,SCMS-238555,ASN-29255,South Africa,PMO - US,Direct Drop,DDP,Truck,4/30/2014,11/4/2014,5-Nov-14,5-Nov-14,5-Nov-14,ARV,Adult,PHARMACY DIRECT,"Darunavir 600mg [Prezista], tablets, 60 Tabs",Darunavir,Prezista,600mg,Tablet,60,15,978.47,65.23,1.09,"Janssen-Cilag, Latina, IT",No,Weight Captured Separately,Freight Included in Commodity Cost,1.01
79890,108-VN-T30,FPQ-9001,SCMS-131700,ASN-14757,Vietnam,PMO - US,Direct Drop,EXW,Air,12/15/2011,1/16/2012,15-May-12,15-May-12,15-May-12,ARV,Adult,MYLAN LABORATORIES LTD (FORMERLY MATRIX LABORATORIES),"Tenofovir Disoproxil Fumarate 300mg, tablets, 30 Tabs",Tenofovir Disoproxil Fumarate,Generic,300mg,Tablet,30,9679,47911.05,4.95,0.16,Mylan (formerly Matrix) Nashik,No,See ASN-14757 (ID#:30618),See ASN-14757 (ID#:30618),67.17
62047,161-ZA-T30,FPQ-5303,SCMS-68981,ASN-8464,South Africa,PMO - US,Direct Drop,DDP,Air,3/18/2010,3/19/2010,8-Dec-10,8-Dec-10,8-Dec-10,ARV,Adult,Aurobindo Pharma Limited,"Nevirapine 200mg, tablets, 60 Tabs",Nevirapine,Generic,200mg,Tablet,60,16383,47838.36,2.92,0.05,"Aurobindo Unit III, India",Yes,1935,5159.33,103.14
86590,114-UG-T30,FPQ-12473,SO-45880,DN-3263,Uganda,PMO - US,From RDC,N/A - From RDC,Air,6/11/2013,N/A - From RDC,27-Sep-13,27-Sep-13,27-Sep-13,ARV,Adult,SCMS from RDC,"Lamivudine/Zidovudine 150/300mg, tablets, 60 Tabs",Lamivudine/Zidovudine,Generic,150/300mg,Tablet - FDC,60,19697,137879.0,7.0,0.12,"Cipla, Goa, India",No,See DN-3263 (ID#:83150),See DN-3263 (ID#:83150),170.56
69208,106-HT-T30,FPQ-5526,SCMS-74050,ASN-7805,Haiti,PMO - US,Direct Drop,CIP,Air,5/4/2010,5/25/2010,30-Aug-10,30-Aug-10,30-Aug-10,ARV,Pediatric,MERCK SHARP & DOHME IDEA GMBH (FORMALLY MERCK SHARP & DOHME B.V.),"Efavirenz 30mg/ml [Stocrin/Sustiva], oral solution, Bottle, 180 ml",Efavirenz,Stocrin/Sustiva,30mg/ml,Oral solution,180,342,5800.32,16.96,0.09,"MSD, Haarlem, NL",Yes,109,290,12.51
11857,106-HT-T01,Pre-PQ Process,SO-2046,DN-685,Haiti,PMO - US,From RDC,N/A - From RDC,Air,Pre-PQ Process,N/A - From RDC,31-Mar-08,31-Mar-08,31-Mar-08,ARV,Pediatric,SCMS from RDC,"Zidovudine 10mg/ml, oral solution, Bottle, 240 ml",Zidovudine,Generic,10mg/ml,Oral solution,240,3264,7017.6,2.15,0.01,"Aurobindo Unit III, India",No,See DN-685 (ID#:11234),See DN-685 (ID#:11234),11.23
85947,113-ZW-T30,FPQ-10632,SO-43211,DN-3057,Zimbabwe,PMO - US,From RDC,N/A - From RDC,Truck,9/11/2012,N/A - From RDC,15-Apr-13,14-Mar-13,14-Mar-13,ARV,Adult,SCMS from RDC,"Lamivudine/Tenofovir Disoproxil Fumarate 300/300mg, tablets, 30 Tabs",Lamivudine/Tenofovir Disoproxil Fumarate,Generic,300/300mg,Tablet - FDC,30,132320,621904.0,4.7,0.16,"Aurobindo Unit VII, IN",Yes,12328,9405.81,871.91
39661,107-RW-T30,FPQ-14705,SCMS-253160,ASN-27917,Rwanda,PMO - US,Direct Drop,EXW,Ocean,8/4/2014,8/19/2014,12-Nov-14,12-Nov-14,24-Nov-14,ARV,Adult,Aurobindo Pharma Limited,"Lamivudine/Tenofovir Disoproxil Fumarate 300/300mg, tablets, 30 Tabs",Lamivudine/Tenofovir Disoproxil Fumarate,Generic,300/300mg,Tablet - FDC,30,104000,483600.0,4.65,0.16,"Aurobindo Unit VII, IN",Yes,9684,7898.15,497.14
33969,109-TZ-T30,FPQ-5446,SCMS-71300,ASN-7529,Tanzania,PMO - US,Direct Drop,EXW,Ocean,4/15/2010,4/23/2010,21-Sep-10,21-Sep-10,21-Sep-10,ARV,Adult,MYLAN LABORATORIES LTD (FORMERLY MATRIX LABORATORIES),"Efavirenz/Emtricitabine/Tenofovir Disoproxil Fumarate 600/200/300mg, tablets, 30 Tabs",Efavirenz/Emtricitabine/Tenofovir Disoproxil Fumarate,Generic,600/200/300mg,Tablet - FDC,30,57727,1148767.3,19.9,0.66,Mylan (formerly Matrix) Nashik,Yes,6349,27797.6,2476.74
86577,151-NG-T30,FPQ-11022,SO-43840,DN-3197,Nigeria,PMO - US,From RDC,N/A - From RDC,Air Charter,11/15/2012,N/A - From RDC,31-May-13,28-May-13,28-May-13,ARV,Adult,SCMS from RDC,"Lopinavir/Ritonavir 200/50mg, tablets, 120 Tabs",Lopinavir/Ritonavir,Generic,200/50mg,Tablet,120,19000,413820.0,21.78,0.18,Hetero Unit III Hyderabad IN,No,See DN-3197 (ID#:84271),See DN-3197 (ID#:84271),511.9
86526,104-CI-T30,FPQ-10633,SO-43350,DN-2896,Côte d'Ivoire,PMO - US,From RDC,N/A - From RDC,Truck,9/11/2012,N/A - From RDC,31-Jan-13,24-Oct-12,24-Oct-12,ARV,Pediatric,SCMS from RDC,"Zidovudine 10mg/ml, oral solution w/syringe, Bottle, 240 ml",Zidovudine,Generic,10mg/ml,Oral solution,240,3000,6300.0,2.1,0.01,"Aurobindo Unit III, India",Yes,1152,5971.13,8.83
11475,100-ZW-T01,Pre-PQ Process,SO-706,DN-401,Zimbabwe,PMO - US,From RDC,N/A - From RDC,Air,Pre-PQ Process,N/A - From RDC,25-Nov-07,25-Nov-07,25-Nov-07,ARV,Adult,SCMS from RDC,"Lamivudine/Nevirapine/Stavudine 150/200/30mg, tablets, 60 Tabs",Lamivudine/Nevirapine/Stavudine,Generic,150/200/30mg,Tablet - FDC,60,15000,111000.0,7.4,0.12,"Cipla, Goa, India",No,See DN-401 (ID#:11474),See DN-401 (ID#:11474),177.6
84828,114-UG-T30,FPQ-10945,SO-43632,DN-3219,Uganda,PMO - US,From RDC,N/A - From RDC,Air,11/6/2012,N/A - From RDC,31-Jul-13,18-Jul-13,18-Jul-13,ARV,Adult,SCMS from RDC,"Efavirenz/Lamivudine/Tenofovir Disoproxil Fumarate 600/300/300mg, tablets, 30 Tabs",Efavirenz/Lamivudine/Tenofovir Disoproxil Fumarate,Generic,600/300/300mg,Tablet - FDC,30,10415,109565.8,10.52,0.35,Hetero Unit III Hyderabad IN,Yes,1400,5718.69,135.53
82650,109-TZ-T30,FPQ-12354,SO-45742,DN-3532,Tanzania,PMO - US,From RDC,N/A - From RDC,Truck,5/16/2013,N/A - From RDC,31-Jan-14,19-Feb-14,24-Feb-14,ARV,Adult,SCMS from RDC,"Efavirenz/Lamivudine/Tenofovir Disoproxil Fumarate 600/300/300mg, tablets, 30 Tabs",Efavirenz/Lamivudine/Tenofovir Disoproxil Fumarate,Generic,600/300/300mg,Tablet - FDC,30,46066,500737.42,10.87,0.36,Mylan (formerly Matrix) Nashik,Yes,5175,3541.59,619.41
69903,103-ZW-T30,FPQ-13969,SCMS-239210,ASN-29006,Zimbabwe,PMO - US,Direct Drop,EXW,Air,4/8/2014,5/16/2014,28-Nov-14,28-Nov-14,16-Dec-14,ARV,Pediatric,MICRO LABS LIMITED,"Efavirenz 200mg, capsule, 90 Caps",Efavirenz,Generic,200mg,Capsule,90,5291,23386.22,4.42,0.05,"Micro labs, Verna, Goa, India",Yes,800,5697.64,24.04
83434,114-UG-T30,FPQ-5451,SO-36830,DN-1859,Uganda,PMO - US,From RDC,N/A - From RDC,Air,5/7/2010,N/A - From RDC,30-Jun-10,22-Jun-10,22-Jun-10,ARV,Adult,SCMS from RDC,"Lamivudine/Nevirapine/Zidovudine 150/200/300mg, tablets, 60 Tabs",Lamivudine/Nevirapine/Zidovudine,Generic,150/300/200mg,Tablet - FDC,60,15000,168300.0,11.22,0.19,Mylan (formerly Matrix) Nashik,Yes,1943,6299.45,362.85
11595,110-ZM-T01,Pre-PQ Process,SO-17600,DN-1116,Zambia,PMO - US,From RDC,N/A - From RDC,Air,Pre-PQ Process,N/A - From RDC,17-Mar-09,17-Mar-09,17-Mar-09,ARV,Adult,SCMS from RDC,"Efavirenz 600mg, tablets, 30 Tabs",Efavirenz,Generic,600mg,Tablet,30,100000,1100000.0,11.0,0.37,"Aurobindo Unit III, India",Yes,8645,14041.17,2156.0
61783,109-TZ-T30,FPQ-12540,SCMS-198801,ASN-21504,Tanzania,PMO - US,Direct Drop,EXW,Ocean,7/3/2013,8/27/2013,23-Oct-13,23-Oct-13,23-Oct-13,ARV,Adult,MYLAN LABORATORIES LTD (FORMERLY MATRIX LABORATORIES),"Efavirenz/Emtricitabine/Tenofovir Disoproxil Fumarate 600/200/300mg, tablets, 30 Tabs",Efavirenz/Emtricitabine/Tenofovir Disoproxil Fumarate,Generic,600/200/300mg,Tablet - FDC,30,65763,821379.87,12.49,0.42,Mylan (formerly Matrix) Nashik,Yes,8182,7814.59,1016.05
84045,113-ZW-T30,FPQ-4694,SO-35380,DN-2019,Zimbabwe,PMO - US,From RDC,N/A - From RDC,Truck,12/8/2009,N/A - From RDC,30-Sep-10,4-Oct-10,4-Oct-10,ARV,Adult,SCMS from RDC,"Lamivudine/Nevirapine/Stavudine 150/200/30mg, tablets, 60 Tabs",Lamivudine/Nevirapine/Stavudine,Generic,150/200/30mg,Tablet - FDC,60,112100,642333.0,5.73,0.1,"Cipla, Goa, India",No,See DN-2019 (ID#:82919),See DN-2019 (ID#:82919),1384.87
11569,107-RW-T01,Pre-PQ Process,SO-24620,DN-1117,Rwanda,PMO - US,From RDC,N/A - From RDC,Air,Pre-PQ Process,N/A - From RDC,6-Mar-09,6-Mar-09,6-Mar-09,ARV,Adult,SCMS from RDC,"Lamivudine/Zidovudine 150/300mg, tablets, 60 Tabs",Lamivudine/Zidovudine,Generic,150/300mg,Tablet - FDC,60,15000,131400.0,8.76,0.15,"Aurobindo Unit III, India",Yes,1364,21215.4,257.54
85010,114-UG-T30,FPQ-15294,SO-50060,DN-4103,Uganda,PMO - US,From RDC,N/A - From RDC,Truck,11/3/2014,N/A - From RDC,16-Feb-15,30-Jan-15,2-Feb-15,ARV,Pediatric,SCMS from RDC,"Lamivudine/Zidovudine 30/60mg, dispersible tablets, 60 Tabs",Lamivudine/Zidovudine,Generic,30/60mg,Chewable/dispersible tablet - FDC,60,6000,11940.0,1.99,0.03,"Cipla, Goa, India",Yes,404,2055.25,14.05
7201,107-RW-T01,Pre-PQ Process,SCMS-25530,ASN-2068,Rwanda,PMO - US,Direct Drop,CIP,Air,Pre-PQ Process,6/13/2008,22-Jul-08,22-Jul-08,22-Jul-08,ARV,Adult,Aurobindo Pharma Limited,"Lamivudine/Zidovudine 150/300mg, tablets, 60 Tabs",Lamivudine/Zidovudine,Generic,150/300mg,Tablet - FDC,60,45168,414642.24,9.18,0.15,"Aurobindo Unit III, India",Yes,3953,23071.26,663.43
82357,104-CI-T30,FPQ-5925,SO-37150,DN-2035,Côte d'Ivoire,PMO - US,From RDC,N/A - From RDC,Truck,6/23/2010,N/A - From RDC,30-Nov-10,26-Nov-10,26-Nov-10,ARV,Pediatric,SCMS from RDC,"Lamivudine 10mg/ml, oral solution w/syringe, Bottle, 240 ml",Lamivudine,Generic,10mg/ml,Oral solution,240,2415,4467.75,1.85,0.01,"Aurobindo Unit III, India",No,See DN-2035 (ID#:82356),See DN-2035 (ID#:82356),9.63
140,109-TZ-T01,Pre-PQ Process,SCMS-10300,ASN-856,Tanzania,PMO - US,Direct Drop,EXW,Air,Pre-PQ Process,Date Not Captured,22-Nov-07,22-Nov-07,22-Nov-07,HRDT,HIV test,"Standard Diagnostics, Inc.","HIV 1/2, Bioline 3.0 Kit, Lancets, Capillary pipets, Alcohol swabs included, 25 Tests","HIV 1/2, Bioline 3.0 Kit, Lancets, Capillary pipets, Alcohol swabs included",Bioline,,Test kit,25,10000,200000.0,20.0,0.8,"Standard Diagnostics, Korea",Yes,3335,28359.8,320.0
4215,108-VN-T01,Pre-PQ Process,SCMS-14930,ASN-1231,Vietnam,PMO - US,Direct Drop,EXW,Air,Pre-PQ Process,12/5/2007,22-Jan-08,22-Jan-08,22-Jan-08,ARV,Adult,Aurobindo Pharma Limited,"Stavudine 20mg, capsules, 60 Caps",Stavudine,Generic,20mg,Capsule,60,800,1400.0,1.75,0.03,"Aurobindo Unit III, India",No,See ASN-1231 (ID#:2947),See ASN-1231 (ID#:2947),2.24
5905,109-TZ-T01,Pre-PQ Process,SCMS-26640,ASN-2408,Tanzania,PMO - US,Direct Drop,CIP,Air,Pre-PQ Process,7/4/2008,8-Sep-08,8-Sep-08,8-Sep-08,ARV,Pediatric,GLAXOSMITHKLINE EXPORT LIMITED,"Abacavir 20mg/ml [Ziagen], oral solution, Bottle, 240 ml",Abacavir,Ziagen,20mg/ml,Oral solution,240,132,1990.56,15.08,0.06,GSK Mississauga (Canada),Yes,65,633,3.18
21606,161-ZA-T30,FPQ-6708,SCMS-93490,ASN-10129,South Africa,PMO - US,Direct Drop,DDP,Ocean,11/26/2010,12/14/2010,4-Apr-11,4-Apr-11,4-Apr-11,ARV,Pediatric,Aurobindo Pharma Limited,"Nevirapine 10mg/ml, oral suspension w/syringe, Bottle, 240 ml",Nevirapine,Generic,10mg/ml,Oral suspension,240,3971,8418.52,2.12,0.01,"Aurobindo Unit III, India",Yes,1472,3524.95,13.89
74732,102-SD-T30,FPQ-8261,SCMS-120440,ASN-12832,Sudan,PMO - US,Direct Drop,EXW,Air,8/29/2011,9/14/2011,6-Jan-12,6-Jan-12,6-Jan-12,HRDT,HIV test,"Orgenics, Ltd","HIV 1/2, Determine Complete HIV Kit, 100 Tests","HIV 1/2, Determine Complete HIV Kit",Determine,,Test kit,100,115,10235.0,89.0,0.89,"Alere Medical Co., Ltd.",Yes,53,1614.83,16.89
2431,116-ZA-T01,Pre-PQ Process,SCMS-40810,ASN-3634,South Africa,PMO - US,Direct Drop,DDP,Air,Pre-PQ Process,Date Not Captured,31-Mar-09,2-Dec-08,2-Dec-08,ARV,Pediatric,S. BUYS WHOLESALER,"Zidovudine 10mg/ml, oral solution, Bottle, 240 ml",Zidovudine,Generic,10mg/ml,Oral solution,240,929,3390.85,3.65,0.02,"Aurobindo Unit III, India",No,Weight Captured Separately,Freight Included in Commodity Cost,6.65
5701,108-VN-T01,Pre-PQ Process,SCMS-20200,ASN-2017,Vietnam,PMO - US,Direct Drop,EXW,Air,Pre-PQ Process,3/31/2008,14-Jul-08,14-Jul-08,14-Jul-08,ARV,Adult,Aurobindo Pharma Limited,"Abacavir 300mg, tablets, 60 Tabs",Abacavir,Generic,300mg,Tablet,60,500,12500.0,25.0,0.42,"Aurobindo Unit III, India",Yes,124,5217.59,20.0
79236,108-VN-T30,FPQ-15692,SCMS-274360,ASN-32782,Vietnam,PMO - US,Direct Drop,EXW,Air,1/28/2015,2/17/2015,30-Jul-15,2-Aug-15,3-Aug-15,ARV,Adult,MYLAN LABORATORIES LTD (FORMERLY MATRIX LABORATORIES),"Lamivudine/Nevirapine/Zidovudine 150/200/300mg, tablets, 60 Tabs",Lamivudine/Nevirapine/Zidovudine,Generic,150/300/200mg,Tablet - FDC,60,12816,103809.6,8.1,0.13,Mylan (formerly Matrix) Nashik,Yes,Weight Captured Separately,Invoiced Separately,122.18
3,108-VN-T01,Pre-PQ Process,SCMS-13,ASN-85,Vietnam,PMO - US,Direct Drop,EXW,Air,Pre-PQ Process,Date Not Captured,14-Nov-06,14-Nov-06,14-Nov-06,ARV,Pediatric,Aurobindo Pharma Limited,"Nevirapine 10mg/ml, oral suspension, Bottle, 240 ml",Nevirapine,Generic,10mg/ml,Oral suspension,240,1000,6200.0,6.2,0.03,"Aurobindo Unit III, India",Yes,358,4521.5,
63486,108-VN-T30,FPQ-11418,SCMS-176270,ASN-19859,Vietnam,PMO - US,Direct Drop,EXW,Air,1/29/2013,2/6/2013,5-Jul-13,5-Jul-13,5-Jul-13,ARV,Adult,HETERO LABS LIMITED,"Abacavir 300mg, tablets, 60 Tabs",Abacavir,Generic,300mg,Tablet,60,683,8366.75,12.25,0.2,Hetero Unit III Hyderabad IN,No,See ASN-19859 (ID#:59267),See ASN-19859 (ID#:59267),10.35
82404,151-NG-T30,FPQ-7812,SO-39997,DN-2356,Nigeria,PMO - US,From RDC,N/A - From RDC,Air Charter,6/6/2011,N/A - From RDC,3-Nov-11,28-Sep-11,28-Sep-11,ARV,Adult,SCMS from RDC,"Emtricitabine/Tenofovir Disoproxil Fumarate 200/300mg, tablets, 30 Tabs",Emtricitabine/Tenofovir Disoproxil Fumarate,Generic,200/300mg,Tablet - FDC,30,115089,1127872.2,9.8,0.33,Mylan (formerly Matrix) Nashik,Yes,11004,18495.9,1860.99
85647,106-HT-T30,FPQ-4384,SO-34720,DN-1590,Haiti,PMO - US,From RDC,N/A - From RDC,Air Charter,10/23/2009,N/A - From RDC,25-Dec-09,17-Dec-09,17-Dec-09,ARV,Pediatric,SCMS from RDC,"Stavudine 1mg/ml, powder for oral solution, 200 ml",Stavudine,Generic,1mg/ml,Oral solution,200,250,350.0,1.4,0.01,"Aurobindo Unit III, India",No,See DN-1590 (ID#:83388),See DN-1590 (ID#:83388),0.75
82847,104-CI-T30,FPQ-4187,SO-34730,DN-1542,Côte d'Ivoire,PMO - US,From RDC,N/A - From RDC,Air,9/9/2009,N/A - From RDC,26-Nov-09,2-Dec-09,2-Dec-09,ARV,Adult,SCMS from RDC,"Nevirapine 200mg, tablets, 60 Tabs",Nevirapine,Generic,200mg,Tablet,60,1437,4167.3,2.9,0.05,"Aurobindo Unit III, India",Yes,138,1211.48,8.17
85773,106-HT-T30,FPQ-6801,SO-39910,DN-2263,Haiti,PMO - US,From RDC,N/A - From RDC,Air,12/14/2010,N/A - From RDC,19-Jul-11,28-Jun-11,28-Jun-11,ARV,Pediatric,SCMS from RDC,"Zidovudine 100mg, capsules, 100 Caps",Zidovudine,Generic,100mg,Capsule,100,1500,7140.0,4.76,0.05,"Aurobindo Unit III, India",No,See DN-2263 (ID#:82959),See DN-2263 (ID#:82959),11.78
82507,104-CI-T30,FPQ-9749,SO-42382,DN-2837,Côte d'Ivoire,PMO - US,From RDC,N/A - From RDC,Truck,4/19/2012,N/A - From RDC,13-Nov-12,5-Sep-12,5-Sep-12,ARV,Adult,SCMS from RDC,"Lamivudine/Zidovudine 150/300mg, tablets, 60 Tabs",Lamivudine/Zidovudine,Generic,150/300mg,Tablet - FDC,60,84900,660522.0,7.78,0.13,Mylan (formerly Matrix) Nashik,Yes,18204,36194.84,926.05
51821,116-ZA-T30,FPQ-5630,SCMS-72760,ASN-7111,South Africa,PMO - US,Direct Drop,DDP,Truck,4/30/2010,5/5/2010,12-May-10,12-May-10,12-May-10,ARV,Pediatric,S. BUYS WHOLESALER,"Efavirenz 200mg, capsule, 90 Caps",Efavirenz,Generic,200mg,Capsule,90,50,1636.37,32.73,0.36,"Aurobindo Unit III, India",Yes,Weight Captured Separately,Freight Included in Commodity Cost,3.53
9179,102-BW-T01,Pre-PQ Process,SCMS-46110,ASN-4184,Botswana,PMO - US,Direct Drop,EXW,Air,Pre-PQ Process,5/18/2009,19-Jun-09,19-Jun-09,19-Jun-09,HRDT,HIV test,"Trinity Biotech, Plc","HIV 1/2, Uni-Gold HIV Kit, 20 Tests","HIV 1/2, Uni-Gold HIV Kit",Uni-Gold,,Test kit,20,75,2400.0,32.0,1.6,"Trinity Biotech, Plc",Yes,25,808,4.7
84297,110-ZM-T30,FPQ-12066,SO-45091,DN-3361,Zambia,PMO - US,From RDC,N/A - From RDC,Truck,4/19/2013,N/A - From RDC,29-Nov-13,29-Nov-13,12-Dec-13,ARV,Adult,SCMS from RDC,"Nevirapine 200mg, tablets, 60 Tabs",Nevirapine,Generic,200mg,Tablet,60,9984,22563.84,2.26,0.04,"Cipla, Goa, India",No,See DN-3361 (ID#:83172),See DN-3361 (ID#:83172),27.91
57016,104-CI-T30,FPQ-12806,SCMS-206570,ASN-24432,Côte d'Ivoire,PMO - US,Direct Drop,EXW,Air,8/9/2013,9/17/2013,27-Feb-14,27-Feb-14,26-Mar-14,ARV,Pediatric,Aurobindo Pharma Limited,"Zidovudine 100mg, capsules, 100 Caps",Zidovudine,Generic,100mg,Capsule,100,400,1800.0,4.5,0.04,"Aurobindo Unit III, India",No,See ASN-24432 (ID#:40680),See ASN-24432 (ID#:40680),2.23
6105,117-ET-T01,Pre-PQ Process,SCMS-32400,ASN-3322,Ethiopia,PMO - US,Direct Drop,EXW,Air,Pre-PQ Process,10/22/2008,18-Feb-09,18-Feb-09,18-Feb-09,HRDT,HIV test,"Trinity Biotech, Plc","HIV 1/2, Uni-Gold HIV Kit, 20 Tests","HIV 1/2, Uni-Gold HIV Kit",Uni-Gold,,Test kit,20,2500,80000.0,32.0,1.6,"Trinity Biotech, Plc",Yes,844,8101.57,156.8
85087,114-UG-T30,FPQ-4275,SO-35610,DN-1638,Uganda,PMO - US,From RDC,N/A - From RDC,Truck,9/17/2009,N/A - From RDC,25-Feb-10,18-Feb-10,18-Feb-10,ARV,Adult,SCMS from RDC,"Lamivudine/Nevirapine/Zidovudine 150/200/300mg, tablets, 60 Tabs",Lamivudine/Nevirapine/Zidovudine,Generic,150/300/200mg,Tablet - FDC,60,19942,223749.24,11.22,0.19,"Aurobindo Unit III, India",No,See DN-1638 (ID#:84526),See DN-1638 (ID#:84526),438.55
83031,113-ZW-T30,FPQ-8464,SO-40861,DN-2655,Zimbabwe,PMO - US,From RDC,N/A - From RDC,Truck,10/4/2011,N/A - From RDC,31-May-12,25-May-12,25-May-12,ARV,Adult,SCMS from RDC,"Lamivudine/Tenofovir Disoproxil Fumarate 300/300mg, tablets, 30 Tabs",Lamivudine/Tenofovir Disoproxil Fumarate,Generic,300/300mg,Tablet - FDC,30,78082,432574.28,5.54,0.18,Mylan (formerly Matrix) Nashik,No,See DN-2655 (ID#:82474),See DN-2655 (ID#:82474),713.75
85243,110-ZM-T30,FPQ-8476,SO-40952,DN-2587,Zambia,PMO - US,From RDC,N/A - From RDC,Truck,9/27/2011,N/A - From RDC,15-May-12,27-Feb-12,27-Feb-12,ARV,Adult,SCMS from RDC,"Emtricitabine/Tenofovir Disoproxil Fumarate 200/300mg, tablets, 30 Tabs",Emtricitabine/Tenofovir Disoproxil Fumarate,Generic,200/300mg,Tablet - FDC,30,54850,492004.5,8.97,0.3,Mylan (formerly Matrix) Nashik,Yes,2236,5447.21,811.81
5041,116-ZA-T01,Pre-PQ Process,SCMS-41040,ASN-3623,South Africa,PMO - US,Direct Drop,DDP,Air,Pre-PQ Process,Date Not Captured,7-Apr-09,3-Dec-08,3-Dec-08,ARV,Adult,S. BUYS WHOLESALER,"Zidovudine 300mg [Retrovir], tablets, 60 Tabs",Zidovudine,Retrovir,300mg,Tablet,60,5000,62750.0,12.55,0.21,GSK Aranda,No,Weight Captured Separately,Freight Included in Commodity Cost,122.99
9095,102-KE-T01,Pre-PQ Process,SCMS-42981,ASN-4647,Kenya,PMO - US,Direct Drop,EXW,Air,Pre-PQ Process,5/14/2009,10-Jul-09,28-Aug-09,28-Aug-09,HRDT,HIV test,"Orgenics, Ltd","HIV 1/2, Determine Complete HIV Kit, 100 Tests","HIV 1/2, Determine Complete HIV Kit",Determine,,Test kit,100,7500,600000.0,80.0,0.8,Inverness Japan,Yes,2215,17974.69,1176.0
86514,900-SS-T30,FPQ-10517,SO-43070,DN-2858,South Sudan,PMO - US,From RDC,N/A - From RDC,Air,8/17/2012,N/A - From RDC,15-Nov-12,23-Oct-12,23-Oct-12,ARV,Adult,SCMS from RDC,"Nevirapine 200mg, tablets, 60 Tabs",Nevirapine,Generic,200mg,Tablet,60,225,544.5,2.42,0.04,Mylan (formerly Matrix) Nashik,No,See DN-2858 (ID#:82511),See DN-2858 (ID#:82511),0.76
56950,161-ZA-T30,FPQ-5648,SCMS-75650,ASN-9846,South Africa,PMO - US,Direct Drop,DDP,Ocean,6/2/2010,6/17/2010,17-Mar-11,17-Mar-11,17-Mar-11,ARV,Pediatric,Aurobindo Pharma Limited,"Lamivudine 10mg/ml, oral solution w/syringe, Bottle, 240 ml",Lamivudine,Generic,10mg/ml,Oral solution,240,33476,70969.12,2.12,0.01,"Aurobindo Unit III, India",Yes,Weight Captured Separately,Freight Included in Commodity Cost,153.01
85463,111-MZ-T30,FPQ-13123,SO-47085,DN-3652,Mozambique,PMO - US,From RDC,N/A - From RDC,Truck,10/21/2013,N/A - From RDC,16-Jun-14,23-May-14,13-Jun-14,ARV,Adult,SCMS from RDC,"Lamivudine/Nevirapine/Zidovudine 150/200/300mg, tablets, 60 Tabs",Lamivudine/Nevirapine/Zidovudine,Generic,150/300/200mg,Tablet - FDC,60,100000,811000.0,8.11,0.14,Hetero Unit III Hyderabad IN,Yes,48109,30202.86,833.71
82937,106-HT-T30,FPQ-6484,SO-38120,DN-2113,Haiti,PMO - US,From RDC,N/A - From RDC,Air,10/13/2010,N/A - From RDC,28-Feb-11,14-Feb-11,14-Feb-11,ARV,Pediatric,SCMS from RDC,"Nevirapine 10mg/ml, oral suspension w/syringe, Bottle, 240 ml",Nevirapine,Generic,10mg/ml,Oral suspension,240,1000,1950.0,1.95,0.01,"Aurobindo Unit III, India",Yes,830,6555.75,4.2
83382,114-UG-T30,FPQ-4470,SO-34610,DN-1550,Uganda,PMO - US,From RDC,N/A - From RDC,Air,8/17/2009,N/A - From RDC,30-Nov-09,25-Nov-09,25-Nov-09,ARV,Adult,SCMS from RDC,"Lamivudine/Tenofovir Disoproxil Fumarate 300/300mg, tablets, 30 Tabs",Lamivudine/Tenofovir Disoproxil Fumarate,Generic,300/300mg,Tablet - FDC,30,3760,37600.0,10.0,0.33,Mylan (formerly Matrix) Nashik,Yes,315,5254.17,73.7
31805,106-HT-T30,FPQ-14895,SCMS-260970,ASN-31105,Haiti,PMO - US,Direct Drop,EXW,Ocean,9/24/2014,11/14/2014,25-May-15,25-May-15,26-May-15,ARV,Adult,CIPLA LIMITED,"Efavirenz 600mg, tablets, 30 Tabs",Efavirenz,Generic,600mg,Tablet,30,43309,140321.16,3.24,0.11,"Cipla, Goa, India",Yes,5000,6914.44,144.25
55159,110-ZM-T30,FPQ-4141,SCMS-53261,ASN-5853,Zambia,PMO - US,Direct Drop,EXW,Air,8/31/2009,9/11/2009,28-Jan-10,28-Jan-10,28-Jan-10,HRDT,HIV test,"Orgenics, Ltd","HIV 1/2, Determine Complete HIV Kit, 100 Tests","HIV 1/2, Determine Complete HIV Kit",Determine,,Test kit,100,1820,131040.0,72.0,0.72,Inverness Japan,No,See ASN-5853 (ID#:24427),See ASN-5853 (ID#:24427),256.84
10795,106-HT-T01,Pre-PQ Process,SO-33030,DN-1458,Haiti,PMO - US,From RDC,N/A - From RDC,Air,Date Not Captured,N/A - From RDC,13-Oct-09,13-Oct-09,13-Oct-09,ARV,Pediatric,SCMS from RDC,"Zidovudine 10mg/ml, oral solution, Bottle, 240 ml",Zidovudine,Generic,10mg/ml,Oral solution,240,4315,9061.5,2.1,0.01,"Aurobindo Unit III, India",Yes,2520,25874.1,17.76
83286,101-CD-T30,FPQ-14576,SO-49310,DN-3954,"Congo, DRC",PMO - US,From RDC,N/A - From RDC,Air,7/14/2014,N/A - From RDC,14-Apr-15,14-Apr-15,14-Apr-15,ARV,Adult,SCMS from RDC,"Zidovudine 300mg, tablets, 60 Tabs",Zidovudine,Generic,300mg,Tablet,60,1400,7616.0,5.44,0.09,"Aurobindo Unit III, India",No,See DN-3954 (ID#:82743),See DN-3954 (ID#:82743),7.83
48857,161-ZA-T30,FPQ-5303,SCMS-68980,ASN-8167,South Africa,PMO - US,Direct Drop,DDP,Air,3/18/2010,3/19/2010,24-Aug-10,21-Jan-11,21-Jan-11,ARV,Pediatric,Aurobindo Pharma Limited,"Lamivudine 10mg/ml, oral solution w/syringe, Bottle, 240 ml",Lamivudine,Generic,10mg/ml,Oral solution,240,11628,34884.0,3.0,0.01,"Aurobindo Unit III, India",Yes,4382,2154.52,75.21
82868,151-NG-T30,FPQ-4537,SO-35058,DN-1718,Nigeria,PMO - US,From RDC,N/A - From RDC,Air Charter,11/6/2009,N/A - From RDC,19-Apr-10,31-Mar-10,31-Mar-10,ARV,Adult,SCMS from RDC,"Lamivudine/Zidovudine 150/300mg, tablets, 60 Tabs",Lamivudine/Zidovudine,Generic,150/300mg,Tablet - FDC,60,710,6219.6,8.76,0.15,"Aurobindo Unit III, India",Yes,62,Freight Included in Commodity Cost,13.41
82366,151-NG-T30,FPQ-6243,SO-38320,DN-2090,Nigeria,PMO - US,From RDC,N/A - From RDC,Air Charter,8/25/2010,N/A - From RDC,22-Feb-11,16-Feb-11,16-Feb-11,ARV,Adult,SCMS from RDC,"Lamivudine/Nevirapine/Zidovudine 150/200/300mg, tablets, 60 Tabs",Lamivudine/Nevirapine/Zidovudine,Generic,150/300/200mg,Tablet - FDC,60,141764,1590592.08,11.22,0.19,"Aurobindo Unit III, India",Yes,70109,43548,3429.32
84415,107-RW-T30,FPQ-14111,SO-48770,DN-3948,Rwanda,PMO - US,From RDC,N/A - From RDC,Air,4/22/2014,N/A - From RDC,15-Oct-14,14-Oct-14,20-Oct-14,ARV,Pediatric,SCMS from RDC,"Abacavir/Lamivudine 60/30mg, dispersible tablets, 60 Tabs",Abacavir/Lamivudine,Generic,60/30mg,Chewable/dispersible tablet - FDC,60,8953,45570.77,5.09,0.08,"Cipla, Patalganga, India",Yes,805,6220.48,46.85
83710,101-CD-T30,FPQ-12033,SO-45020,DN-3268,"Congo, DRC",PMO - US,From RDC,N/A - From RDC,Air,4/8/2013,N/A - From RDC,27-Aug-13,8-Feb-14,11-Mar-14,ARV,Adult,SCMS from RDC,"Lopinavir/Ritonavir 200/50mg, tablets, 120 Tabs",Lopinavir/Ritonavir,Generic,200/50mg,Tablet,120,378,8232.84,21.78,0.18,Mylan (formerly Matrix) Nashik,No,See DN-3268 (ID#:82595),See DN-3268 (ID#:82595),10.18
82931,151-NG-T30,FPQ-6243,SO-38320,DN-2090,Nigeria,PMO - US,From RDC,N/A - From RDC,Air Charter,8/25/2010,N/A - From RDC,22-Feb-11,16-Feb-11,16-Feb-11,ARV,Adult,SCMS from RDC,"Nevirapine 200mg, tablets, 60 Tabs",Nevirapine,Generic,200mg,Tablet,60,160786,414827.88,2.58,0.04,"Aurobindo Unit III, India",No,See DN-2090 (ID#:82366),See DN-2090 (ID#:82366),894.37
11192,111-MZ-T01,Pre-PQ Process,SO-992,DN-427,Mozambique,PMO - US,From RDC,N/A - From RDC,Air,Pre-PQ Process,N/A - From RDC,22-Nov-07,22-Nov-07,22-Nov-07,ARV,Adult,SCMS from RDC,"Lamivudine/Stavudine 150/30mg, tablets, 30 Tabs",Lamivudine/Stavudine,Generic,150/30mg,Tablet - FDC,30,24140,48280.0,2.0,0.07,"Cipla, Goa, India",Yes,1434,3682.34,77.25
76217,111-MZ-T30,FPQ-10880,SCMS-164000,ASN-18530,Mozambique,PMO - US,Direct Drop,EXW,Air,10/18/2012,11/6/2012,20-Mar-13,1-Apr-13,1-Apr-13,HRDT,HIV test,"Orgenics, Ltd","HIV 1/2, Determine Complete HIV Kit, 100 Tests","HIV 1/2, Determine Complete HIV Kit",Determine,,Test kit,100,2863,229040.0,80.0,0.8,"Alere Medical Co., Ltd.",Yes,1298,13146.21,283.32
86372,110-ZM-T30,FPQ-6677,SO-38050,DN-2143,Zambia,PMO - US,From RDC,N/A - From RDC,Truck,11/8/2010,N/A - From RDC,15-Apr-11,5-Apr-11,5-Apr-11,ARV,Adult,SCMS from RDC,"Abacavir 300mg, tablets, 60 Tabs",Abacavir,Generic,300mg,Tablet,60,20000,317800.0,15.89,0.26,Mylan (formerly Matrix) Nashik,No,See DN-2143 (ID#:84632),See DN-2143 (ID#:84632),524.37
31694,107-RW-T30,FPQ-5228,SCMS-66060,ASN-8011,Rwanda,PMO - US,Direct Drop,CIP,Air,2/24/2010,3/30/2010,27-Sep-10,27-Sep-10,27-Sep-10,ARV,Adult,MYLAN LABORATORIES LTD (FORMERLY MATRIX LABORATORIES),"Lamivudine/Nevirapine/Zidovudine 150/200/300mg, tablets, 60 Tabs",Lamivudine/Nevirapine/Zidovudine,Generic,150/300/200mg,Tablet - FDC,60,61290,698706.0,11.4,0.19,Mylan (formerly Matrix) Nashik,Yes,7965,65851.29,1506.41
2477,102-GY-T01,Pre-PQ Process,SCMS-42290,ASN-3987,Guyana,PMO - US,Direct Drop,EXW,Air,Pre-PQ Process,3/31/2009,5-Jun-09,5-Jun-09,5-Jun-09,HRDT,HIV test,"Orgenics, Ltd","HIV 1/2, Determine Complete HIV Kit, 100 Tests","HIV 1/2, Determine Complete HIV Kit",Determine,,Test kit,100,425,38250.0,90.0,0.9,Inverness Japan,Yes,130,1859.79,74.97
25706,106-HT-T30,FPQ-12538,SCMS-198150,ASN-21072,Haiti,PMO - US,Direct Drop,EXW,Air,6/25/2013,7/22/2013,30-Aug-13,30-Aug-13,30-Aug-13,ARV,Adult,MYLAN LABORATORIES LTD (FORMERLY MATRIX LABORATORIES),"Atazanavir/Ritonavir 300/100mg, tablets, 30 Tabs",Atazanavir/Ritonavir,Generic,300/100mg,Tablet,30,4816,96320.0,20.0,0.67,Mylan (formerly Matrix) Nashik,Yes,647,4444.33,119.15
40851,901-CM-T30,FPQ-12837,SCMS-204330,ASN-21572,Cameroon,PMO - US,Direct Drop,EXW,Air,8/19/2013,8/23/2013,26-Sep-13,26-Sep-13,26-Sep-13,ARV,Adult,MYLAN LABORATORIES LTD (FORMERLY MATRIX LABORATORIES),"Zidovudine 300mg, tablets, 60 Tabs",Zidovudine,Generic,300mg,Tablet,60,5000,32500.0,6.5,0.11,Mylan (formerly Matrix) Nashik,Yes,294,4339.64,40.2
86268,110-ZM-T30,FPQ-4273,SO-35830,DN-1650,Zambia,PMO - US,From RDC,N/A - From RDC,Truck,9/17/2009,N/A - From RDC,15-Mar-10,5-Mar-10,5-Mar-10,ARV,Adult,SCMS from RDC,"Zidovudine 300mg, tablets, 60 Tabs",Zidovudine,Generic,300mg,Tablet,60,60683,456942.99,7.53,0.13,Hetero Unit III Hyderabad IN,Yes,3325,3379.64,895.61
12898,111-MZ-T01,Pre-PQ Process,SO-26423,DN-1332,Mozambique,PMO - US,From RDC,N/A - From RDC,Truck,Date Not Captured,N/A - From RDC,27-Aug-09,27-Aug-09,27-Aug-09,ARV,Adult,SCMS from RDC,"Lamivudine 150mg, tablets, 60 Tabs",Lamivudine,Generic,150mg,Tablet,60,1894,4621.36,2.44,0.04,"Aurobindo Unit III, India",No,See DN-1332 (ID#:11663),See DN-1332 (ID#:11663),9.06
29071,108-VN-T30,FPQ-9577,SCMS-149040,ASN-16178,Vietnam,PMO - US,Direct Drop,EXW,Air,4/11/2012,6/8/2012,12-Oct-12,12-Oct-12,12-Oct-12,ARV,Adult,HETERO LABS LIMITED,"Lamivudine/Zidovudine 150/300mg, tablets, 60 Tabs",Lamivudine/Zidovudine,Generic,150/300mg,Tablet - FDC,60,17240,131886.0,7.65,0.13,Hetero Unit III Hyderabad IN,Yes,1496,2480.22,184.9
85505,111-MZ-T30,FPQ-14226,SO-48881,DN-3818,Mozambique,PMO - US,From RDC,N/A - From RDC,Truck,5/2/2014,N/A - From RDC,31-Dec-14,15-Aug-14,25-Aug-14,ARV,Adult,SCMS from RDC,"Lamivudine/Nevirapine/Stavudine 150/200/30mg, tablets, 60 Tabs",Lamivudine/Nevirapine/Stavudine,Generic,150/200/30mg,Tablet - FDC,60,5768,24917.76,4.32,0.07,Hetero Unit III Hyderabad IN,Yes,592,598.91,25.62
40584,116-ZA-T30,FPQ-7176,SCMS-104370,ASN-11395,South Africa,PMO - US,Direct Drop,DDP,Ocean,3/10/2011,4/1/2011,15-Aug-11,15-Sep-11,15-Sep-11,ARV,Adult,Aurobindo Pharma Limited,"Zidovudine 300mg, tablets, 60 Tabs",Zidovudine,Generic,300mg,Tablet,60,7548,55100.4,7.3,0.12,"Aurobindo Unit III, India",Yes,391,659.58,90.92
22595,104-CI-T30,FPQ-8366,SCMS-124280,ASN-13657,Côte d'Ivoire,PMO - US,Direct Drop,FCA,Ocean,9/5/2011,10/11/2011,23-Mar-12,23-Mar-12,23-Mar-12,ARV,Adult,ABBVIE LOGISTICS (FORMERLY ABBOTT LOGISTICS BV),"Lopinavir/Ritonavir 200/50mg [Aluvia], tablets, 120 Tabs",Lopinavir/Ritonavir,Aluvia,200/50mg,Tablet,120,9800,302036.0,30.82,0.26,ABBVIE Ludwigshafen Germany,Yes,Weight Captured Separately,Invoiced Separately,498.36
86488,109-TZ-T30,FPQ-8303,SO-40470,DN-2714,Tanzania,PMO - US,From RDC,N/A - From RDC,Truck,8/22/2011,N/A - From RDC,7-Aug-12,25-Jul-12,25-Jul-12,ARV,Pediatric,SCMS from RDC,"Nevirapine 10mg/ml, oral suspension w/syringe, Bottle, 240 ml",Nevirapine,Generic,10mg/ml,Oral suspension,240,26439,51556.05,1.95,0.01,"Aurobindo Unit III, India",Yes,9907,3853.89,85.07
50706,116-ZA-T30,FPQ-11828,SCMS-183950,ASN-19166,South Africa,South Africa Field Office,Direct Drop,DDP,Truck,3/18/2013,Date Not Captured,16-Apr-13,16-Apr-13,16-Apr-13,ARV,Adult,S. BUYS WHOLESALER,"Zidovudine 300mg [Retrovir], tablets, 60 Tabs",Zidovudine,Retrovir,300mg,Tablet,60,2,31.73,15.86,0.26,GSK Aranda,No,Weight Captured Separately,Freight Included in Commodity Cost,0.04
75043,107-RW-T30,FPQ-14813,SCMS-268600,ASN-31454,Rwanda,PMO - US,Direct Drop,FCA,Air,10/9/2014,12/12/2014,27-Apr-15,27-Apr-15,27-Apr-15,ARV,Pediatric,SWORDS LABORATORIES,"Atazanavir 150mg [Reyataz], capsules, 60 Caps",Atazanavir,Reyataz,150mg,Capsule,60,132,4468.2,33.85,0.56,"BMS Evansville, US",Yes,11,663.77,4.59
84793,106-HT-T30,FPQ-11281,SO-44400,DN-3015,Haiti,PMO - US,From RDC,N/A - From RDC,Air,1/16/2013,N/A - From RDC,9-Apr-13,14-Mar-13,14-Mar-13,ARV,Adult,SCMS from RDC,"Lamivudine 150mg, tablets, 60 Tabs",Lamivudine,Generic,150mg,Tablet,60,1980,3940.2,1.99,0.03,Hetero Unit III Hyderabad IN,No,See DN-3015 (ID#:82554),See DN-3015 (ID#:82554),4.87
65836,133-NG-T30,FPQ-7088,SCMS-100510,ASN-10320,Nigeria,PMO - US,Direct Drop,EXW,Air,2/4/2011,3/2/2011,25-May-11,25-May-11,25-May-11,HRDT,HIV test,"CHEMBIO DIAGNOSTIC SYSTEMS, INC.","HIV 1/2, Stat-Pak HIV, Kit, 20 Tests","HIV 1/2, Stat-Pak HIV, Kit",Stat-Pak,,Test kit,20,1448,41992.0,29.0,1.45,Chembio Diagnostics Sys. Inc.,Yes,482,3060.82,69.29
78789,117-ET-T30,FPQ-7802,SCMS-110050,ASN-11253,Ethiopia,PMO - US,Direct Drop,EXW,Air,5/23/2011,5/26/2011,1-Jul-11,1-Jul-11,1-Jul-11,ARV,Adult,MYLAN LABORATORIES LTD (FORMERLY MATRIX LABORATORIES),"Lamivudine/Tenofovir Disoproxil Fumarate 300/300mg, tablets, 30 Tabs",Lamivudine/Tenofovir Disoproxil Fumarate,Generic,300/300mg,Tablet - FDC,30,100000,624000.0,6.24,0.21,Mylan (formerly Matrix) Nashik,Yes,9565,60713.12,1029.6
70844,105-SS-T30,FPQ-14470,SCMS-245260,ASN-29409,South Sudan,PMO - US,Direct Drop,EXW,Air,6/17/2014,6/30/2014,22-Dec-14,22-Dec-14,13-Jan-15,HRDT,HIV test,"Orgenics, Ltd","HIV 1/2, Determine Complete HIV Kit, 100 Tests","HIV 1/2, Determine Complete HIV Kit",Determine,,Test kit,100,350,31150.0,89.0,0.89,"Alere Medical Co., Ltd.",No,See ASN-29409 (ID#:20185),See ASN-29409 (ID#:20185),32.02
85720,151-NG-T30,FPQ-5023,SO-37210,DN-2046,Nigeria,PMO - US,From RDC,N/A - From RDC,Air Charter,2/10/2010,N/A - From RDC,16-Nov-10,10-Nov-10,10-Nov-10,ARV,Adult,SCMS from RDC,"Nevirapine 200mg, tablets, 60 Tabs",Nevirapine,Generic,200mg,Tablet,60,350,903.0,2.58,0.04,"Aurobindo Unit III, India",Yes,40,20264.93,1.95
86278,114-UG-T30,FPQ-5014,SO-35860,DN-1697,Uganda,PMO - US,From RDC,N/A - From RDC,Air,1/29/2010,N/A - From RDC,1-Apr-10,25-Mar-10,25-Mar-10,ARV,Adult,SCMS from RDC,"Lamivudine/Tenofovir Disoproxil Fumarate 300/300mg, tablets, 30 Tabs",Lamivudine/Tenofovir Disoproxil Fumarate,Generic,300/300mg,Tablet - FDC,30,2000,20000.0,10.0,0.33,Mylan (formerly Matrix) Nashik,Yes,168,1905.63,43.12
14871,108-VN-T30,FPQ-10811,SCMS-164560,ASN-18406,Vietnam,PMO - US,Direct Drop,EXW,Air,10/15/2012,11/7/2012,13-Mar-13,13-Mar-13,13-Mar-13,ARV,Pediatric,MYLAN LABORATORIES LTD (FORMERLY MATRIX LABORATORIES),"Lamivudine/Zidovudine 30/60mg, tablets, 60 Tabs",Lamivudine/Zidovudine,Generic,30/60mg,Tablet - FDC,60,1769,3714.9,2.1,0.04,Mylan (formerly Matrix) Nashik,Yes,1961,7308.37,4.6
11713,100-CI-T01,Pre-PQ Process,SO-391,DN-52,Côte d'Ivoire,PMO - US,From RDC,N/A - From RDC,,Pre-PQ Process,N/A - From RDC,4-May-07,4-May-07,4-May-07,ARV,Adult,SCMS from RDC,"Efavirenz 600mg, tablets, 30 Tabs",Efavirenz,Generic,600mg,Tablet,30,10000,162500.0,16.25,0.54,"Aurobindo Unit III, India",Yes,910,3026,
86135,901-NA-T30,FPQ-14670,SO-49560,DN-3907,Namibia,PMO - US,From RDC,N/A - From RDC,Truck,7/30/2014,N/A - From RDC,30-Sep-14,15-Sep-14,25-Sep-14,ARV,Adult,SCMS from RDC,"Lamivudine/Zidovudine 150/300mg, tablets, 60 Tabs",Lamivudine/Zidovudine,Generic,150/300mg,Tablet - FDC,60,13337,86957.24,6.52,0.11,"Aurobindo Unit III, India",No,See DN-3907 (ID#:82729),See DN-3907 (ID#:82729),89.39
86823,103-ZW-T30,FPQ-15197,SO-50022,DN-4336,Zimbabwe,PMO - US,From RDC,N/A - From RDC,Truck,10/16/2014,N/A - From RDC,31-Aug-15,4-Aug-15,11-Aug-15,ARV,Pediatric,SCMS from RDC,"Lamivudine/Zidovudine 30/60mg, dispersible tablets, 60 Tabs",Lamivudine/Zidovudine,Generic,30/60mg,Chewable/dispersible tablet - FDC,60,36639,72911.61,1.99,0.03,"Cipla, Goa, India",No,Weight Captured Separately,Freight Included in Commodity Cost,85.82
49875,106-HT-T30,FPQ-10944,SCMS-168390,ASN-17743,Haiti,PMO - US,Direct Drop,DAP,Air,11/16/2012,12/5/2012,20-Dec-12,20-Dec-12,20-Dec-12,HRDT,HIV test,REINBOLD EXPORT IMPORT,"HIV 1/2, Determine Complete HIV Kit, 100 Tests","HIV 1/2, Determine Complete HIV Kit",Determine,,Test kit,100,4000,466000.0,116.5,1.16,"Alere Medical Co., Ltd.",Yes,Weight Captured Separately,Freight Included in Commodity Cost,576.44
1513,116-ZA-T01,Pre-PQ Process,SCMS-14050,ASN-1251,South Africa,PMO - US,Direct Drop,DDP,,Pre-PQ Process,11/12/2007,29-Jan-08,29-Jan-08,29-Jan-08,ARV,Adult,"JSI R&T INSTITUTE, INC.","Didanosine EC 400mg [Videx EC], delayed-release capsules, Blister 3 x 10 Caps",Didanosine EC,Videx EC,400mg,Delayed-release capsules - blister,30,100,2850.0,28.5,0.95,"BMS Meymac, France",No,Weight Captured Separately,Freight Included in Commodity Cost,4.56
11115,111-MZ-T01,Pre-PQ Process,SO-500,DN-152,Mozambique,PMO - US,From RDC,N/A - From RDC,Air,Pre-PQ Process,N/A - From RDC,8-Jun-07,8-Jun-07,8-Jun-07,ARV,Adult,SCMS from RDC,"Abacavir 300mg, tablets, 60 Tabs",Abacavir,Generic,300mg,Tablet,60,4444,159095.2,35.8,0.6,"Aurobindo Unit III, India",Yes,633,Freight Included in Commodity Cost,
42334,102-SD-T30,FPQ-5293,SCMS-68640,ASN-6657,Sudan,PMO - US,Direct Drop,EXW,Air,3/15/2010,3/24/2010,7-May-10,7-May-10,7-May-10,HRDT,HIV test,"Standard Diagnostics, Inc.","HIV 1/2, Bioline 3.0 Kit, Lancets, Capillary pipets, Alcohol swabs included, 25 Tests","HIV 1/2, Bioline 3.0 Kit, Lancets, Capillary pipets, Alcohol swabs included",Bioline,,Test kit,25,60,1200.0,20.0,0.8,"Standard Diagnostics, Korea",Yes,353,3843.25,2.59
70144,105-SS-T30,FPQ-14470,SCMS-245240,ASN-29503,South Sudan,PMO - US,Direct Drop,EXW,Air,6/17/2014,7/1/2014,9-Jan-15,9-Jan-15,19-Jan-15,HRDT,HIV test,"Trinity Biotech, Plc","HIV 1/2, Uni-Gold HIV Kit, 20 Tests","HIV 1/2, Uni-Gold HIV Kit",Uni-Gold,,Test kit,20,35,1120.0,32.0,1.6,"Trinity Biotech, Plc",No,See ASN-29503 (ID#:13571),See ASN-29503 (ID#:13571),1.15
12556,104-CI-T01,Pre-PQ Process,SO-21840,DN-1120,Côte d'Ivoire,PMO - US,From RDC,N/A - From RDC,Air,Pre-PQ Process,N/A - From RDC,26-May-09,26-May-09,26-May-09,ARV,Adult,SCMS from RDC,"Efavirenz 600mg, tablets, 30 Tabs",Efavirenz,Generic,600mg,Tablet,30,36391,386472.42,10.62,0.35,"Aurobindo Unit III, India",Yes,4156,11180.32,757.49
85801,100-ZW-T30,FPQ-7559,SO-39540,DN-2409,Zimbabwe,PMO - US,From RDC,N/A - From RDC,Truck,4/29/2011,N/A - From RDC,30-Nov-11,21-Nov-11,21-Nov-11,ARV,Pediatric,SCMS from RDC,"Abacavir 20mg/ml, oral solution, Bottle, 240 ml",Abacavir,Generic,20mg/ml,Oral solution,240,592,8051.2,13.6,0.06,"Cipla, Goa, India",Yes,195,221.96,13.28
68577,101-CD-T30,FPQ-10044,SCMS-149140,ASN-15986,"Congo, DRC",PMO - US,Direct Drop,EXW,Air,6/5/2012,6/27/2012,27-Feb-13,27-Feb-13,27-Feb-13,HRDT,HIV test,"Orgenics, Ltd","HIV 1/2, Determine Complete HIV Kit, 100 Tests","HIV 1/2, Determine Complete HIV Kit",Determine,,Test kit,100,1505,120400.0,80.0,0.8,"Alere Medical Co., Ltd.",Yes,746,13037.01,168.8
26345,900-SS-T30,FPQ-11623,SCMS-178030,ASN-19143,South Sudan,PMO - US,Direct Drop,EXW,Air,2/8/2013,2/27/2013,16-Aug-13,16-Aug-13,16-Aug-13,HRDT,HIV test - Ancillary,"Orgenics, Ltd","Capillary Tubes, for Determine, EDTA, 50uL,100 Pcs","HIV, Capillary Tubes, for Determine, EDTA, 50uL,100 Pcs",Determine,,Test kit - Ancillary,100,214,1712.0,8.0,0.08,"Alere Medical Co., Ltd.",Yes,97,2590.24,2.12
83776,106-HT-T30,FPQ-13648,SO-47800,DN-3587,Haiti,PMO - US,From RDC,N/A - From RDC,Air,2/3/2014,N/A - From RDC,5-May-14,24-Mar-14,6-May-14,ARV,Pediatric,SCMS from RDC,"Lamivudine 10mg/ml, oral solution w/syringe, Bottle, 240 ml",Lamivudine,Generic,10mg/ml,Oral solution,240,4000,5720.0,1.43,0.01,"Aurobindo Unit III, India",Yes,2769,29216.84,5.88
23488,105-SS-T30,FPQ-14470,SCMS-245230,ASN-27241,South Sudan,PMO - US,Direct Drop,EXW,Air,6/17/2014,7/1/2014,29-Sep-14,29-Sep-14,30-Sep-14,HRDT,HIV test,"Trinity Biotech, Plc","HIV 1/2, Uni-Gold HIV Kit, 20 Tests","HIV 1/2, Uni-Gold HIV Kit",Uni-Gold,,Test kit,20,25,800.0,32.0,1.6,"Trinity Biotech, Plc",Yes,175,4011.66,0.82
86704,151-NG-T30,FPQ-13293,SO-47287,DN-3793,Nigeria,PMO - US,From RDC,N/A - From RDC,Air Charter,11/19/2013,N/A - From RDC,30-Jun-14,20-Jun-14,25-Jun-14,ARV,Pediatric,SCMS from RDC,"Lamivudine/Nevirapine/Zidovudine 30/50/60mg, dispersible tablets, 60 Tabs",Lamivudine/Nevirapine/Zidovudine,Generic,30/50/60mg,Chewable/dispersible tablet - FDC,60,65761,245288.53,3.73,0.06,"Strides, Bangalore, India.",Yes,3156,28812.57,252.16
84008,114-UG-T30,FPQ-5239,SO-36140,DN-1853,Uganda,PMO - US,From RDC,N/A - From RDC,Air,3/2/2010,N/A - From RDC,9-Jun-10,15-Jun-10,15-Jun-10,ARV,Adult,SCMS from RDC,"Emtricitabine/Tenofovir Disoproxil Fumarate 200/300mg, tablets, 30 Tabs",Emtricitabine/Tenofovir Disoproxil Fumarate,Generic,200/300mg,Tablet - FDC,30,2797,32864.75,11.75,0.39,Mylan (formerly Matrix) Nashik,Yes,210,5841.92,70.86
31363,116-ZA-T30,FPQ-13035,SCMS-215370,ASN-24415,South Africa,PMO - US,Direct Drop,DDP,Truck,10/8/2013,12/2/2013,6-Feb-14,6-Feb-14,6-Feb-14,ARV,Pediatric,S. BUYS WHOLESALER,"Lamivudine 10mg/ml, oral solution, Bottle, 240 ml",Lamivudine,Generic,10mg/ml,Oral solution,240,4,27.35,6.84,0.03,"Cipla, Goa, India",No,Weight Captured Separately,Freight Included in Commodity Cost,0.03
55376,108-VN-T30,FPQ-6384,SCMS-87710,ASN-9710,Vietnam,PMO - US,Direct Drop,FCA,Air,9/30/2010,10/14/2010,25-Feb-11,25-Feb-11,25-Feb-11,ARV,Adult,ABBVIE LOGISTICS (FORMERLY ABBOTT LOGISTICS BV),"Ritonavir 100mg [Norvir], capsules, cool, 4 x 84 Caps",Ritonavir,Norvir,100mg,Capsule,336,18,3717.18,206.51,0.61,ABBVIE (Abbott) Logis. UK,Yes,55,3785.84,8.01
36871,108-VN-T30,FPQ-10287,SCMS-156260,ASN-17696,Vietnam,PMO - US,Direct Drop,EXW,Air,7/25/2012,8/15/2012,30-Jan-13,30-Jan-13,30-Jan-13,ARV,Pediatric,MICRO LABS LIMITED,"Efavirenz 200mg, capsule, 90 Caps",Efavirenz,Generic,200mg,Capsule,90,702,3102.84,4.42,0.05,"Micro labs, Verna, Goa, India",No,See ASN-17696 (ID#:31712),See ASN-17696 (ID#:31712),4.35
11095,107-RW-T01,Pre-PQ Process,SO-239,DN-70,Rwanda,PMO - US,From RDC,N/A - From RDC,Air,Pre-PQ Process,N/A - From RDC,10-Apr-07,10-Apr-07,10-Apr-07,HRDT,HIV test,SCMS from RDC,"HIV 1/2, Capillus HIV Kit, 100 Tests","HIV 1/2, Capillus HIV Kit",Capillus,,Test kit,100,60,8340.0,139.0,1.39,"Trinity Biotech, Plc",Yes,353,3684.6,
11464,111-MZ-T01,Pre-PQ Process,SO-1110,DN-375,Mozambique,PMO - US,From RDC,N/A - From RDC,Air,Pre-PQ Process,N/A - From RDC,31-Oct-07,31-Oct-07,31-Oct-07,HRDT,HIV test,SCMS from RDC,"HIV 1/2, Determine Complete HIV Kit, 100 Tests","HIV 1/2, Determine Complete HIV Kit",Determine,,Test kit,100,4000,288000.0,72.0,0.72,ABBVIE GmbH & Co.KG Wiesbaden,Yes,2526,1871.05,460.8
75879,109-TZ-T30,FPQ-7909,SCMS-114980,ASN-12025,Tanzania,PMO - US,Direct Drop,EXW,Air,6/24/2011,7/18/2011,29-Sep-11,30-Sep-11,30-Sep-11,HRDT,HIV test,"Standard Diagnostics, Inc.","HIV 1/2, Bioline 3.0 Kit, Lancets, Capillary pipets, Alcohol swabs included, 25 Tests","HIV 1/2, Bioline 3.0 Kit, Lancets, Capillary pipets, Alcohol swabs included",Bioline,,Test kit,25,10000,200000.0,20.0,0.8,"Standard Diagnostics, Korea",Yes,3334,45032.55,330.0
6196,104-CI-T01,Pre-PQ Process,SCMS-35780,ASN-3151,Côte d'Ivoire,PMO - US,Direct Drop,EXW,Air,Pre-PQ Process,12/19/2008,20-Jan-09,20-Jan-09,20-Jan-09,ANTM,Malaria,IDA FOUNDATION,"Quinine 300mg (as sulfate), tablets, Blister 100 x 10 Tabs",Quinine (as sulfate),Generic,300mg,Tablet - blister,1000,12,629.88,52.49,0.05,"Medopharm Malur Factory, INDIA",Yes,12,536.78,1.23
6062,119-NA-T01,Pre-PQ Process,SCMS-31180,ASN-2717,Namibia,PMO - US,Direct Drop,EXW,Air,Pre-PQ Process,9/24/2008,29-Oct-08,29-Oct-08,29-Oct-08,HRDT,HIV test - Ancillary,"Orgenics, Ltd","HIV, Lancet, Safety, for HIV Test kits, 100 Pcs","HIV, Lancet, Safety, for HIV Test kits, 100 Pcs",Generic,,Test kit - Ancillary,100,150,1.5,0.01,0.0,Inverness Japan,No,See ASN-2717 (ID#:791),See ASN-2717 (ID#:791),0.0
83826,103-SS-T30,FPQ-14409,SO-49130,DN-3837,South Sudan,PMO - US,From RDC,N/A - From RDC,Air,6/5/2014,N/A - From RDC,19-Aug-14,17-Oct-14,21-Nov-14,ARV,Pediatric,SCMS from RDC,"Nevirapine 10mg/ml, oral suspension w/syringe, Bottle, 240 ml",Nevirapine,Generic,10mg/ml,Oral suspension,240,2125,3463.75,1.63,0.01,"Aurobindo Unit III, India",Yes,759,9664.79,3.56
83542,106-HT-T30,FPQ-7653,SO-39742,DN-2399,Haiti,PMO - US,From RDC,N/A - From RDC,Air,5/11/2011,N/A - From RDC,31-Oct-11,8-Nov-11,8-Nov-11,ARV,Adult,SCMS from RDC,"Stavudine 30mg, capsules, 60 Caps",Stavudine,Generic,30mg,Capsule,60,4520,6328.0,1.4,0.02,"Aurobindo Unit III, India",Yes,418,4692.14,10.44
21147,133-NG-T30,FPQ-5815,SCMS-77240,ASN-7561,Nigeria,PMO - US,Direct Drop,EXW,Air,6/7/2010,6/28/2010,22-Jul-10,22-Jul-10,22-Jul-10,HRDT,HIV test,"Trinity Biotech, Plc","HIV 1/2, Uni-Gold HIV Kit, 20 Tests","HIV 1/2, Uni-Gold HIV Kit",Uni-Gold,,Test kit,20,7000,224000.0,32.0,1.6,"Trinity Biotech, Plc",Yes,2373,29878.21,482.94
11241,106-HT-T01,Pre-PQ Process,SO-2053,DN-744,Haiti,PMO - US,From RDC,N/A - From RDC,Air,Pre-PQ Process,N/A - From RDC,2-Jun-08,2-Jun-08,2-Jun-08,ARV,Pediatric,SCMS from RDC,"Nevirapine 10mg/ml, oral suspension, Bottle, 240 ml",Nevirapine,Generic,10mg/ml,Oral suspension,240,2112,4055.04,1.92,0.01,"Aurobindo Unit III, India",No,See DN-744 (ID#:10684),See DN-744 (ID#:10684),6.49
74439,133-NG-T30,FPQ-7634,SCMS-108740,ASN-11757,Nigeria,PMO - US,Direct Drop,EXW,Air,4/28/2011,5/23/2011,31-Aug-11,25-Aug-11,25-Aug-11,HRDT,HIV test,"Orgenics, Ltd","HIV 1/2, Determine Complete HIV Kit, 100 Tests","HIV 1/2, Determine Complete HIV Kit",Determine,,Test kit,100,2853,253917.0,89.0,0.89,Inverness Japan,Yes,1360,32499.11,418.96
1079,116-ZA-T01,Pre-PQ Process,SCMS-41464,ASN-4634,South Africa,PMO - US,Direct Drop,DDP,Air,Pre-PQ Process,3/18/2009,25-Jun-09,17-Jun-09,17-Jun-09,ARV,Pediatric,S. BUYS WHOLESALER,"Lamivudine 10mg/ml, oral solution, Bottle, 240 ml",Lamivudine,Generic,10mg/ml,Oral solution,240,342,1932.3,5.65,0.02,"Aurobindo Unit III, India",Yes,Weight Captured Separately,Freight Included in Commodity Cost,3.79
36643,161-ZA-T30,FPQ-5303,SCMS-69030,ASN-8381,South Africa,PMO - US,Direct Drop,DDP,Air,3/18/2010,3/19/2010,20-Sep-10,13-Dec-10,13-Dec-10,ARV,Adult,Aurobindo Pharma Limited,"Zidovudine 300mg, tablets, 60 Tabs",Zidovudine,Generic,300mg,Tablet,60,8366,62159.38,7.43,0.12,"Aurobindo Unit III, India",Yes,458,1697.9,134.02
78201,161-ZA-T30,FPQ-5303,SCMS-68980,ASN-7688,South Africa,PMO - US,Direct Drop,DDP,Air,3/18/2010,3/19/2010,24-Aug-10,20-Sep-10,20-Sep-10,ARV,Adult,Aurobindo Pharma Limited,"Lamivudine 150mg, tablets, 60 Tabs",Lamivudine,Generic,150mg,Tablet,60,16999,43007.47,2.53,0.04,"Aurobindo Unit III, India",Yes,912,1791.42,92.72
11926,111-MZ-T01,Pre-PQ Process,SO-15080,DN-1034,Mozambique,PMO - US,From RDC,N/A - From RDC,Air,Pre-PQ Process,N/A - From RDC,21-Feb-09,21-Feb-09,21-Feb-09,ARV,Adult,SCMS from RDC,"Efavirenz 600mg, tablets, 30 Tabs",Efavirenz,Generic,600mg,Tablet,30,24350,267850.0,11.0,0.37,"Aurobindo Unit III, India",No,See DN-1034 (ID#:10732),See DN-1034 (ID#:10732),524.99
12818,102-KE-T01,Pre-PQ Process,SO-11460,DN-963,Kenya,PMO - US,From RDC,N/A - From RDC,Truck,Pre-PQ Process,N/A - From RDC,16-Oct-08,16-Oct-08,16-Oct-08,HRDT,HIV test,SCMS from RDC,"HIV 1/2, Bioline 3.0 Kit, Lancets, Capillary pipets, Alcohol swabs included, 25 Tests","HIV 1/2, Bioline 3.0 Kit, Lancets, Capillary pipets, Alcohol swabs included",Bioline,,Test kit,25,19999,399980.0,20.0,0.8,"Standard Diagnostics, Korea",Yes,6074,1250,783.96
83438,110-ZM-T30,FPQ-4809,SO-35510,DN-1892,Zambia,PMO - US,From RDC,N/A - From RDC,Truck,1/6/2010,N/A - From RDC,21-Jul-10,8-Jul-10,8-Jul-10,ARV,Adult,SCMS from RDC,"Abacavir 300mg, tablets, 60 Tabs",Abacavir,Generic,300mg,Tablet,60,9545,163601.3,17.14,0.29,Mylan (formerly Matrix) Nashik,Yes,947,13232.09,352.72
41238,101-AF-T30,FPQ-15746,SCMS-275090,ASN-30861,Afghanistan,PMO - US,Direct Drop,EXW,Air,1/20/2015,2/9/2015,12-Jul-15,12-Jul-15,13-Jul-15,ANTM,Malaria,IMRES B.V.,"Quinine 600mg/2ml (as dihydrochloride), injection, 2ml x 100 Ampules",Quinine (as dihydrochloride),Generic,600mg/2ml,Injection,100,32,800.0,25.0,0.25,"Gland Pharma, Hyderabad, IN",Yes,68,555.49,0.94
83387,106-HT-T30,FPQ-4469,SO-34210,DN-1582,Haiti,PMO - US,From RDC,N/A - From RDC,Air,9/23/2009,N/A - From RDC,21-Dec-09,16-Dec-09,16-Dec-09,ARV,Adult,SCMS from RDC,"Efavirenz 600mg, tablets, 30 Tabs",Efavirenz,Generic,600mg,Tablet,30,5323,30766.94,5.78,0.19,"Aurobindo Unit III, India",Yes,456,5338.55,66.33
60286,104-CI-T30,FPQ-12806,SCMS-206560,ASN-23448,Côte d'Ivoire,PMO - US,Direct Drop,EXW,Air,8/9/2013,9/17/2013,3-Jan-14,3-Jan-14,6-Jan-14,ARV,Pediatric,Aurobindo Pharma Limited,"Zidovudine 100mg, capsules, 100 Caps",Zidovudine,Generic,100mg,Capsule,100,400,1800.0,4.5,0.04,"Aurobindo Unit III, India",No,See ASN-23448 (ID#:58372),See ASN-23448 (ID#:58372),2.23
11600,111-MZ-T01,Pre-PQ Process,SO-15082,DN-1054,Mozambique,PMO - US,From RDC,N/A - From RDC,Air,Pre-PQ Process,N/A - From RDC,26-Feb-09,26-Feb-09,26-Feb-09,ARV,Adult,SCMS from RDC,"Lamivudine/Nevirapine/Stavudine 150/200/30mg, tablets, 60 Tabs",Lamivudine/Nevirapine/Stavudine,Generic,150/200/30mg,Tablet - FDC,60,92933,669117.6,7.2,0.12,"Strides, Bangalore, India.",Yes,7011,7199.72,1311.47
12532,110-ZM-T01,Pre-PQ Process,SO-2482,DN-938,Zambia,PMO - US,From RDC,N/A - From RDC,Truck,Pre-PQ Process,N/A - From RDC,6-Oct-08,6-Oct-08,6-Oct-08,ARV,Adult,SCMS from RDC,"Efavirenz 600mg, tablets, 30 Tabs",Efavirenz,Generic,600mg,Tablet,30,50000,600500.0,12.01,0.4,Mylan (formerly Matrix) Nashik,Yes,3817,4579.42,960.8
11273,109-TZ-T01,Pre-PQ Process,SO-13300,DN-903,Tanzania,PMO - US,From RDC,N/A - From RDC,Truck,Pre-PQ Process,N/A - From RDC,26-Sep-08,26-Sep-08,26-Sep-08,ARV,Adult,SCMS from RDC,"Lopinavir/Ritonavir 200/50mg [Aluvia], tablets, 120 Tabs",Lopinavir/Ritonavir,Aluvia,200/50mg,Tablet,120,2580,106038.0,41.1,0.34,ABBVIE Ludwigshafen Germany,Yes,587,1146.27,169.66
11099,113-ZW-T01,Pre-PQ Process,SO-337,DN-115,Zimbabwe,PMO - US,From RDC,N/A - From RDC,,Pre-PQ Process,N/A - From RDC,26-Apr-07,26-Apr-07,26-Apr-07,ARV,Adult,SCMS from RDC,"Lopinavir/Ritonavir 200/50mg [Aluvia], tablets, 120 Tabs",Lopinavir/Ritonavir,Aluvia,200/50mg,Tablet,120,400,16440.0,41.1,0.34,ABBVIE Ludwigshafen Germany,Yes,87,907.41,
85213,107-RW-T30,FPQ-8204,SO-41040,DN-2439,Rwanda,PMO - US,From RDC,N/A - From RDC,Air,8/12/2011,N/A - From RDC,5-Dec-11,2-Dec-11,2-Dec-11,ARV,Adult,SCMS from RDC,"Zidovudine 300mg, tablets, 60 Tabs",Zidovudine,Generic,300mg,Tablet,60,90,631.8,7.02,0.12,Hetero Unit III Hyderabad IN,No,See DN-2439 (ID#:82991),See DN-2439 (ID#:82991),1.04
10548,112-NG-T01,Pre-PQ Process,SO-343,DN-118,Nigeria,PMO - US,From RDC,N/A - From RDC,,Pre-PQ Process,N/A - From RDC,8-May-07,8-May-07,8-May-07,ARV,Adult,SCMS from RDC,"Lamivudine/Zidovudine+Nevirapine 150/300+200mg, tablets, co-blister, 60+60 Tabs",Lamivudine/Zidovudine+Nevirapine,Generic,150/300+200mg,Tablet - FDC + co-blister,120,5661,116050.5,20.5,0.17,"Aspen-OSD, Port Elizabeth, SA",Yes,725,4104.5,
46323,105-GH-T30,FPQ-14052,SCMS-237820,ASN-26537,Ghana,PMO - US,Direct Drop,EXW,Air,4/12/2014,5/23/2014,17-Jul-14,17-Jul-14,17-Jul-14,ARV,Pediatric,Aurobindo Pharma Limited,"Nevirapine 10mg/ml, oral suspension, Bottle, 240 ml",Nevirapine,Generic,10mg/ml,Oral suspension,240,2286,3451.86,1.51,0.01,"Aurobindo Unit III, India",Yes,972,7719,3.55
48773,133-NG-T30,FPQ-13741,SCMS-239690,ASN-26759,Nigeria,PMO - US,Direct Drop,EXW,Air,2/13/2014,5/19/2014,9-Jul-14,9-Jul-14,17-Jul-14,HRDT,HIV test,"Orgenics, Ltd","HIV 1/2, Determine Complete HIV Kit, 100 Tests","HIV 1/2, Determine Complete HIV Kit",Determine,,Test kit,100,9935,884215.0,89.0,0.89,"Alere Medical Co., Ltd.",Yes,4038,59711.34,908.97
12776,100-ZW-T01,Pre-PQ Process,SO-714,DN-709,Zimbabwe,PMO - US,From RDC,N/A - From RDC,Air,Pre-PQ Process,N/A - From RDC,21-Apr-08,21-Apr-08,21-Apr-08,ARV,Adult,SCMS from RDC,"Efavirenz 600mg, tablets, 30 Tabs",Efavirenz,Generic,600mg,Tablet,30,1860,23101.2,12.42,0.41,Mylan (formerly Matrix) Nashik,No,See DN-709 (ID#:10945),See DN-709 (ID#:10945),36.96
84024,113-ZW-T30,FPQ-4694,SO-35351,DN-1948,Zimbabwe,PMO - US,From RDC,N/A - From RDC,Air,12/8/2009,N/A - From RDC,30-Jul-10,22-Jul-10,22-Jul-10,ARV,Adult,SCMS from RDC,"Zidovudine 300mg, tablets, 60 Tabs",Zidovudine,Generic,300mg,Tablet,60,5880,42394.8,7.21,0.12,"Aurobindo Unit III, India",No,See DN-1948 (ID#:82906),See DN-1948 (ID#:82906),91.4
20239,107-RW-T30,FPQ-8742,SCMS-137421,ASN-15443,Rwanda,PMO - US,Direct Drop,EXW,Air,12/7/2011,6/14/2012,20-Jul-12,20-Jul-12,20-Jul-12,ARV,Adult,HETERO LABS LIMITED,"Efavirenz 600mg, tablets, 30 Tabs",Efavirenz,Generic,600mg,Tablet,30,20370,72720.9,3.57,0.12,Hetero Unit III Hyderabad IN,Yes,1751,13244.8,101.95
12232,113-ZW-T01,Pre-PQ Process,SO-14000,DN-1044,Zimbabwe,PMO - US,From RDC,N/A - From RDC,Truck,Pre-PQ Process,N/A - From RDC,16-Feb-09,16-Feb-09,16-Feb-09,ARV,Adult,SCMS from RDC,"Lamivudine/Stavudine 150/30mg, tablets, 30 Tabs",Lamivudine/Stavudine,Generic,150/30mg,Tablet - FDC,30,8000,16000.0,2.0,0.07,"Cipla, Goa, India",No,See DN-1044 (ID#:10996),See DN-1044 (ID#:10996),31.36
87,109-TZ-T01,Pre-PQ Process,SCMS-555,ASN-409,Tanzania,PMO - US,Direct Drop,CIP,Air,Pre-PQ Process,4/12/2007,6-Jun-07,6-Jun-07,6-Jun-07,ARV,Pediatric,BRISTOL-MYERS SQUIBB,"Didanosine 2g [Videx], powder for oral solution 10mg/ml, reconstitute to 200 ml",Didanosine,Videx,2g,Powder for oral solution,200,712,8964.08,12.59,0.06,"BMS Meymac, France",Yes,162,912.96,
44808,109-TZ-T30,FPQ-9622,SCMS-143750,ASN-15399,Tanzania,PMO - US,Direct Drop,EXW,Air,4/3/2012,4/23/2012,25-Jul-12,25-Jul-12,25-Jul-12,HRDT,HIV test,"Orgenics, Ltd","HIV 1/2, Determine Complete HIV Kit, 100 Tests","HIV 1/2, Determine Complete HIV Kit",Determine,,Test kit,100,1387,110960.0,80.0,0.8,"Alere Medical Co., Ltd.",Yes,662,12035.47,155.57
11641,100-GH-T01,Pre-PQ Process,SO-30700,DN-1235,Ghana,PMO - US,From RDC,N/A - From RDC,Truck,Date Not Captured,N/A - From RDC,12-Aug-09,12-Aug-09,12-Aug-09,ARV,Pediatric,SCMS from RDC,"Abacavir 20mg/ml, oral solution, Bottle, 240 ml",Abacavir,Generic,20mg/ml,Oral solution,240,374,3.74,0.01,0.0,"Aurobindo Unit III, India",No,See DN-1235 (ID#:10769),See DN-1235 (ID#:10769),0.01
74753,116-ZA-T30,FPQ-12523,SCMS-199315,ASN-27211,South Africa,PMO - US,Direct Drop,DDP,Truck,7/12/2013,7/11/2014,11-Jul-14,11-Jul-14,11-Jul-14,ARV,Pediatric,S. BUYS WHOLESALER,"Atazanavir 150mg [Reyataz], capsules, 60 Caps",Atazanavir,Reyataz,150mg,Capsule,60,2,51.37,25.68,0.43,"BMS Evansville, US",Yes,Weight Captured Separately,Freight Included in Commodity Cost,0.06
12329,114-UG-T01,Pre-PQ Process,SO-34290,DN-1528,Uganda,PMO - US,From RDC,N/A - From RDC,Air,Date Not Captured,N/A - From RDC,23-Nov-09,23-Nov-09,23-Nov-09,ARV,Adult,SCMS from RDC,"Lamivudine/Stavudine 150/30mg, tablets, 60 Tabs",Lamivudine/Stavudine,Generic,150/30mg,Tablet - FDC,60,60,240.0,4.0,0.07,"Cipla, Goa, India",Yes,4,396.08,0.52
67753,109-TZ-T30,FPQ-7680,SCMS-111660,ASN-11623,Tanzania,PMO - US,Direct Drop,EXW,Air,6/6/2011,6/22/2011,29-Sep-11,29-Sep-11,29-Sep-11,ARV,Pediatric,EMCURE PHARMACEUTICALS LTD,"Atazanavir 150mg, capsules, 60 Caps",Atazanavir,Generic,150mg,Capsule,60,1028,22616.0,22.0,0.37,"Emcure Plot No.P-2, I.T-B.T. Park, Phase II, MIDC, Hinjwadi, Pune, India",Yes,107,1794.89,37.32
84673,105-GY-T30,FPQ-8024,SO-40450,DN-2361,Guyana,PMO - US,From RDC,N/A - From RDC,Air,8/19/2011,N/A - From RDC,15-Dec-11,28-Sep-11,28-Sep-11,ARV,Adult,SCMS from RDC,"Stavudine 15mg, capsules, 60 Caps",Stavudine,Generic,15mg,Capsule,60,21,27.72,1.32,0.02,"Aurobindo Unit III, India",Yes,294,4338.44,0.05
14440,161-ZA-T30,FPQ-6262,SCMS-91340,ASN-9807,South Africa,PMO - US,Direct Drop,DDP,Air,8/31/2010,11/19/2010,9-Feb-11,9-Feb-11,9-Feb-11,ARV,Pediatric,ASPEN PHARMACARE,"Abacavir 20mg/ml [Ziagen], oral solution, Bottle, 240 ml",Abacavir,Ziagen,20mg/ml,Oral solution,240,28000,280560.0,10.02,0.04,GSK Mississauga (Canada),Yes,Weight Captured Separately,Freight Included in Commodity Cost,604.89
58305,109-TZ-T30,FPQ-10809,SCMS-162830,ASN-17278,Tanzania,PMO - US,Direct Drop,EXW,Air,10/11/2012,10/18/2012,2-Jan-13,2-Jan-13,2-Jan-13,HRDT,HIV test,"Trinity Biotech, Plc","HIV 1/2, Uni-Gold HIV Kit, 20 Tests","HIV 1/2, Uni-Gold HIV Kit",Uni-Gold,,Test kit,20,383,12256.0,32.0,1.6,"Trinity Biotech, Plc",Yes,125,1908.34,15.16
84101,113-ZW-T30,FPQ-6470,SO-37841,DN-2282,Zimbabwe,PMO - US,From RDC,N/A - From RDC,Truck,10/13/2010,N/A - From RDC,15-Aug-11,11-Aug-11,11-Aug-11,ARV,Adult,SCMS from RDC,"Lamivudine/Nevirapine/Stavudine 150/200/30mg, tablets, 60 Tabs",Lamivudine/Nevirapine/Stavudine,Generic,150/200/30mg,Tablet - FDC,60,36997,199043.86,5.38,0.09,"Cipla, Goa, India",No,See DN-2282 (ID#:82389),See DN-2282 (ID#:82389),429.14
38192,133-NG-T30,FPQ-10765,SCMS-162440,ASN-17526,Nigeria,PMO - US,Direct Drop,EXW,Air,10/5/2012,10/16/2012,9-Jan-13,8-Jan-13,8-Jan-13,HRDT,HIV test,"Orgenics, Ltd","HIV 1/2, Determine Complete HIV Kit, 100 Tests","HIV 1/2, Determine Complete HIV Kit",Determine,,Test kit,100,2744,244216.0,89.0,0.89,"Alere Medical Co., Ltd.",Yes,1186,24927.19,342.39
10540,100-CI-T01,Pre-PQ Process,SO-283,DN-16,Côte d'Ivoire,PMO - US,From RDC,N/A - From RDC,,Pre-PQ Process,N/A - From RDC,22-Feb-07,22-Feb-07,22-Feb-07,ARV,Adult,SCMS from RDC,"Lamivudine/Zidovudine 150/300mg, tablets, 60 Tabs",Lamivudine/Zidovudine,Generic,150/300mg,Tablet - FDC,60,2230,22857.5,10.25,0.17,"Aurobindo Unit III, India",Yes,909,2804,
11808,112-NG-T01,Pre-PQ Process,SO-1109,DN-422,Nigeria,PMO - US,From RDC,N/A - From RDC,Air,Pre-PQ Process,N/A - From RDC,9-Nov-07,9-Nov-07,9-Nov-07,ARV,Pediatric,SCMS from RDC,"Nevirapine 10mg/ml, oral suspension, Bottle, 240 ml",Nevirapine,Generic,10mg/ml,Oral suspension,240,35,217.0,6.2,0.03,"Aurobindo Unit III, India",No,See DN-422 (ID#:10634),See DN-422 (ID#:10634),0.35
1114,116-ZA-T01,Pre-PQ Process,SCMS-47430,ASN-4244,South Africa,PMO - US,Direct Drop,DDP,Truck,Pre-PQ Process,4/2/2009,15-May-09,17-Apr-09,17-Apr-09,ARV,Adult,S. BUYS WHOLESALER,"Emtricitabine/Tenofovir Disoproxil Fumarate 200/300mg [Truvada], tablets, 30 Tabs",Emtricitabine/Tenofovir Disoproxil Fumarate,Truvada,300/200mg,Tablet - FDC,30,80,2816.0,35.2,1.17,"Aspen-OSD, Port Elizabeth, SA",Yes,Weight Captured Separately,Freight Included in Commodity Cost,5.52
2657,108-VN-T01,Pre-PQ Process,SCMS-81,ASN-55,Vietnam,PMO - US,Direct Drop,EXW,Air,Pre-PQ Process,Date Not Captured,11-Aug-06,11-Aug-06,11-Aug-06,ARV,Adult,Aurobindo Pharma Limited,"Lamivudine/Zidovudine 150/300mg, tablets, 60 Tabs",Lamivudine/Zidovudine,Generic,150/300mg,Tablet - FDC,60,20000,338000.0,16.9,0.28,"Aurobindo Unit III, India",No,See ASN-55 (ID#:16),See ASN-55 (ID#:16),
9085,104-CI-T01,Pre-PQ Process,SCMS-42600,ASN-4242,Côte d'Ivoire,PMO - US,Direct Drop,EXW,Air,Pre-PQ Process,4/2/2009,1-Jul-09,1-Jul-09,1-Jul-09,HRDT,HIV test,"Standard Diagnostics, Inc.","HIV 1/2, Bioline 3.0 Kit, Lancets, Capillary pipets, Alcohol swabs included, 25 Tests","HIV 1/2, Bioline 3.0 Kit, Lancets, Capillary pipets, Alcohol swabs included",Bioline,,Test kit,25,500,10000.0,20.0,0.8,"Standard Diagnostics, Korea",Yes,136,2094.08,19.6
82583,109-TZ-T30,FPQ-11393,SO-44384,DN-3196,Tanzania,PMO - US,From RDC,N/A - From RDC,Truck,12/30/2012,N/A - From RDC,31-May-13,18-Jun-13,18-Jun-13,ARV,Adult,SCMS from RDC,"Efavirenz/Emtricitabine/Tenofovir Disoproxil Fumarate 600/200/300mg, tablets, 30 Tabs",Efavirenz/Emtricitabine/Tenofovir Disoproxil Fumarate,Generic,600/200/300mg,Tablet - FDC,30,31000,401760.0,12.96,0.43,"Cipla, Goa, India",Yes,3674,22904.03,496.98
23718,144-BW-T30,FPQ-4487,SCMS-57522,ASN-6033,Botswana,PMO - US,Direct Drop,EXW,Air,11/2/2009,11/13/2009,4-Mar-10,4-Mar-10,4-Mar-10,HRDT,HIV test - Ancillary,"Trinity Biotech, Plc","#109436**HIV 1, Uni-Gold Recombigen HIV Control, Vial 2 x 0.5 ml","HIV 1, Uni-Gold Recombigen HIV Control, Vial 2 x 0.5 ml",Uni-Gold,,Test kit - Ancillary,2,15,465.0,31.0,15.5,"Trinity Biotech, Plc",Yes,1,599.73,1.0
12712,117-ET-T01,Pre-PQ Process,SO-914,DN-332,Ethiopia,PMO - US,From RDC,N/A - From RDC,,Pre-PQ Process,N/A - From RDC,4-Sep-07,4-Sep-07,4-Sep-07,ARV,Pediatric,SCMS from RDC,"Nevirapine 10mg/ml, oral suspension, Bottle, 240 ml",Nevirapine,Generic,10mg/ml,Oral suspension,240,12512,77574.4,6.2,0.03,"Aurobindo Unit III, India",No,See DN-332 (ID#:10613),See DN-332 (ID#:10613),124.12
13608,114-UG-T30,FPQ-9365,SCMS-143480,ASN-14973,Uganda,PMO - US,Direct Drop,DDP,Air,3/15/2012,4/17/2012,21-May-12,21-May-12,21-May-12,ARV,Adult,ASPEN PHARMACARE,"Etravirine 100mg [Intelence], tablets, 120 Tabs",Etravirine,Intelence,100mg,Tablet,120,121,9075.0,75.0,0.62,"Janssen-Cilag, Latina, IT",Yes,43,199,12.72
9579,102-NG-T01,Pre-PQ Process,SCMS-16880,ASN-1592,Nigeria,PMO - US,Direct Drop,EXW,Air,Pre-PQ Process,1/7/2008,21-Apr-08,21-Apr-08,21-Apr-08,HRDT,HIV test,"CHEMBIO DIAGNOSTIC SYSTEMS, INC.","HIV 1/2, Stat-Pak HIV, Kit, 20 Tests","HIV 1/2, Stat-Pak HIV, Kit",Stat-Pak,,Test kit,20,7719,208413.0,27.0,1.35,Chembio Diagnostics Sys. Inc.,Yes,2502,15636.7,333.46
12337,111-MZ-T01,Pre-PQ Process,SO-501,DN-126,Mozambique,PMO - US,From RDC,N/A - From RDC,Air,Pre-PQ Process,N/A - From RDC,1-Jun-07,1-Jun-07,1-Jun-07,ARV,Pediatric,SCMS from RDC,"Zidovudine 10mg/ml, oral solution, Bottle, 240 ml",Zidovudine,Generic,10mg/ml,Oral solution,240,650,2567.5,3.95,0.02,"Aurobindo Unit III, India",Yes,193,478.51,
49881,161-ZA-T30,FPQ-6708,SCMS-93560,ASN-11676,South Africa,PMO - US,Direct Drop,DDP,Ocean,11/26/2010,12/14/2010,15-Sep-11,22-Sep-11,22-Sep-11,ARV,Adult,Aurobindo Pharma Limited,"Tenofovir Disoproxil Fumarate 300mg, tablets, 30 Tabs",Tenofovir Disoproxil Fumarate,Generic,300mg,Tablet,30,124312,826674.8,6.65,0.22,"Aurobindo Unit III, India",Yes,11603,10748.8,1364.01
11403,117-ET-T01,Pre-PQ Process,SO-582,DN-157,Ethiopia,PMO - US,From RDC,N/A - From RDC,,Pre-PQ Process,N/A - From RDC,24-May-07,24-May-07,24-May-07,HRDT,HIV test,SCMS from RDC,"HIV 1/2, Capillus HIV Kit, 100 Tests","HIV 1/2, Capillus HIV Kit",Capillus,,Test kit,100,200,27800.0,139.0,1.39,"Trinity Biotech, Plc",Yes,213,2129.46,
6436,116-ZA-T01,Pre-PQ Process,SCMS-47410,ASN-4281,South Africa,PMO - US,Direct Drop,DDP,Truck,Pre-PQ Process,4/2/2009,15-May-09,20-Apr-09,20-Apr-09,ARV,Adult,S. BUYS WHOLESALER,"Efavirenz 600mg, tablets, 30 Tabs",Efavirenz,Generic,600mg,Tablet,30,2000,25040.0,12.52,0.42,"Cipla, Goa, India",Yes,Weight Captured Separately,Freight Included in Commodity Cost,49.08
11372,112-NG-T01,Pre-PQ Process,SO-341,DN-93,Nigeria,PMO - US,From RDC,N/A - From RDC,,Pre-PQ Process,N/A - From RDC,17-Apr-07,17-Apr-07,17-Apr-07,ARV,Adult,SCMS from RDC,"Lamivudine/Zidovudine+Nevirapine 150/300+200mg, tablets, co-blister, 60+60 Tabs",Lamivudine/Zidovudine+Nevirapine,Generic,150/300+200mg,Tablet - FDC + co-blister,120,2703,55411.5,20.5,0.17,"Aspen-OSD, Port Elizabeth, SA",No,See DN-93 (ID#:10546),See DN-93 (ID#:10546),
83596,104-CI-T30,FPQ-9063,SO-41350,DN-2713,Côte d'Ivoire,PMO - US,From RDC,N/A - From RDC,Truck,12/21/2011,N/A - From RDC,16-Jul-12,18-Jun-12,18-Jun-12,ARV,Adult,SCMS from RDC,"Tenofovir Disoproxil Fumarate 300mg, tablets, 30 Tabs",Tenofovir Disoproxil Fumarate,Generic,300mg,Tablet,30,4000,22000.0,5.5,0.18,"Aurobindo Unit III, India",Yes,372,2333.91,30.84
796,102-BW-T01,Pre-PQ Process,SCMS-31370,ASN-2796,Botswana,PMO - US,Direct Drop,EXW,Air,Pre-PQ Process,10/2/2008,28-Nov-08,28-Nov-08,28-Nov-08,HRDT,HIV test - Ancillary,"Trinity Biotech, Plc","#109436**HIV 1, Uni-Gold Recombigen HIV Control, Vial 2 x 0.5 ml","HIV 1, Uni-Gold Recombigen HIV Control, Vial 2 x 0.5 ml",Uni-Gold,,Test kit - Ancillary,2,15,450.0,30.0,15.0,"Trinity Biotech, Plc",Yes,1,578.01,0.88
4794,110-ZM-T01,Pre-PQ Process,SCMS-33150,ASN-3308,Zambia,PMO - US,Direct Drop,CIP,Air,Pre-PQ Process,11/4/2008,20-Feb-09,20-Feb-09,20-Feb-09,ARV,Pediatric,BRISTOL-MYERS SQUIBB,"Didanosine 25mg [Videx], chewable tablets, 60 Tabs",Didanosine,Videx,25mg,Chewable/dispersible tablet,60,545,3815.0,7.0,0.12,"BMS Meymac, France",Yes,Weight Captured Separately,Freight Included in Commodity Cost,7.48
62634,108-VN-T30,FPQ-15692,SCMS-274370,ASN-32260,Vietnam,PMO - US,Direct Drop,EXW,Air,1/28/2015,2/17/2015,13-Jul-15,13-Jul-15,14-Jul-15,ARV,Adult,HETERO LABS LIMITED,"Efavirenz/Lamivudine/Tenofovir Disoproxil Fumarate 600/300/300mg, tablets, 30 Tabs",Efavirenz/Lamivudine/Tenofovir Disoproxil Fumarate,Generic,600/300/300mg,Tablet - FDC,30,17760,177600.0,10.0,0.33,Hetero Unit III Hyderabad IN,Yes,2516,3809.94,209.04
82105,108-VN-T30,FPQ-10267,SCMS-153080,ASN-16141,Vietnam,PMO - US,Direct Drop,EXW,Air,7/10/2012,7/12/2012,8-Oct-12,8-Oct-12,8-Oct-12,ARV,Adult,HETERO LABS LIMITED,"Nevirapine 200mg, tablets, 60 Tabs",Nevirapine,Generic,200mg,Tablet,60,8586,20005.38,2.33,0.04,Hetero Unit III Hyderabad IN,Yes,544,1454.64,28.05
82500,111-MZ-T30,FPQ-10210,SO-42950,DN-2808,Mozambique,PMO - US,From RDC,N/A - From RDC,Truck,6/28/2012,N/A - From RDC,30-Nov-12,29-Oct-12,29-Oct-12,ARV,Pediatric,SCMS from RDC,"Zidovudine 10mg/ml, oral solution w/syringe, Bottle, 240 ml",Zidovudine,Generic,10mg/ml,Oral solution,240,7150,15015.0,2.1,0.01,"Aurobindo Unit III, India",Yes,2778,19730.62,21.05
78839,108-VN-T30,FPQ-12051,SCMS-188651,ASN-24041,Vietnam,PMO - US,Direct Drop,EXW,Air,5/3/2013,11/28/2013,30-May-14,30-May-14,31-May-14,ARV,Adult,MYLAN LABORATORIES LTD (FORMERLY MATRIX LABORATORIES),"Tenofovir Disoproxil Fumarate 300mg, tablets, 30 Tabs",Tenofovir Disoproxil Fumarate,Generic,300mg,Tablet,30,12000,48000.0,4.0,0.13,Mylan (formerly Matrix) Nashik,No,See ASN-24041 (ID#:34062),See ASN-24041 (ID#:34062),59.38
9669,108-VN-T01,Pre-PQ Process,SCMS-20200,ASN-2017,Vietnam,PMO - US,Direct Drop,EXW,Air,Pre-PQ Process,3/31/2008,14-Jul-08,14-Jul-08,14-Jul-08,ARV,Pediatric,Aurobindo Pharma Limited,"Didanosine 100mg, chewable/dispersible tablets, 60 Tabs",Didanosine,Generic,100mg,Chewable/dispersible tablet,60,360,2790.0,7.75,0.13,"Aurobindo Unit III, India",No,See ASN-2017 (ID#:5701),See ASN-2017 (ID#:5701),4.46
65450,133-NG-T30,FPQ-12456,SCMS-196560,ASN-21221,Nigeria,PMO - US,Direct Drop,EXW,Air,6/10/2013,7/10/2013,18-Sep-13,18-Sep-13,18-Sep-13,HRDT,HIV test,"Orgenics, Ltd","HIV 1/2, Determine Complete HIV Kit, 100 Tests","HIV 1/2, Determine Complete HIV Kit",Determine,,Test kit,100,3067,272963.0,89.0,0.89,"Alere Medical Co., Ltd.",Yes,1228,13325.65,337.66
11905,113-ZW-T01,Pre-PQ Process,SO-13991,DN-1015,Zimbabwe,PMO - US,From RDC,N/A - From RDC,Truck,Pre-PQ Process,N/A - From RDC,19-Nov-08,19-Nov-08,19-Nov-08,ARV,Adult,SCMS from RDC,"Lamivudine/Nevirapine/Stavudine 150/200/30mg, tablets, 60 Tabs",Lamivudine/Nevirapine/Stavudine,Generic,150/200/30mg,Tablet - FDC,60,76000,562400.0,7.4,0.12,"Cipla, Goa, India",No,See DN-1015 (ID#:11561),See DN-1015 (ID#:11561),1102.3
5589,102-BW-T01,Pre-PQ Process,SCMS-16720,ASN-1402,Botswana,PMO - US,Direct Drop,EXW,Air,Pre-PQ Process,2/4/2008,3-Apr-08,3-Apr-08,3-Apr-08,HRDT,HIV test,"Trinity Biotech, Plc","HIV 1/2, Uni-Gold HIV Kit, 20 Tests","HIV 1/2, Uni-Gold HIV Kit",Uni-Gold,,Test kit,20,450,14400.0,32.0,1.6,"Trinity Biotech, Plc",Yes,155,1625.08,23.04
4189,116-ZA-T01,Pre-PQ Process,SCMS-14050,ASN-1251,South Africa,PMO - US,Direct Drop,DDP,,Pre-PQ Process,11/12/2007,29-Jan-08,29-Jan-08,29-Jan-08,ARV,Adult,"JSI R&T INSTITUTE, INC.","Zidovudine 300mg [Retrovir], tablets, 60 Tabs",Zidovudine,Retrovir,300mg,Tablet,60,800,15408.0,19.26,0.32,GSK Aranda,No,Weight Captured Separately,Freight Included in Commodity Cost,24.65
12214,104-CI-T01,Pre-PQ Process,SO-16200,DN-1046,Côte d'Ivoire,PMO - US,From RDC,N/A - From RDC,Air,Pre-PQ Process,N/A - From RDC,10-Feb-09,10-Feb-09,10-Feb-09,ARV,Adult,SCMS from RDC,"Lamivudine/Stavudine 150/30mg, tablets, 60 Tabs",Lamivudine/Stavudine,Generic,150/30mg,Tablet - FDC,60,21360,83304.0,3.9,0.06,Mylan (formerly Matrix) Nashik,Yes,1567,21821.95,163.28
46669,133-NG-T30,FPQ-8117,SCMS-118180,ASN-12397,Nigeria,PMO - US,Direct Drop,EXW,Air,7/28/2011,8/12/2011,19-Oct-11,19-Oct-11,19-Oct-11,HRDT,HIV test,"CHEMBIO DIAGNOSTIC SYSTEMS, INC.","HIV 1/2, Stat-Pak HIV, Kit, 20 Tests","HIV 1/2, Stat-Pak HIV, Kit",Stat-Pak,,Test kit,20,1850,53650.0,29.0,1.45,Chembio Diagnostics Sys. Inc.,Yes,592,2951.78,88.52
68231,116-ZA-T30,FPQ-13214,SCMS-215410,ASN-23875,South Africa,PMO - US,Direct Drop,DDP,Truck,11/14/2013,12/2/2013,13-Jan-14,13-Jan-14,13-Jan-14,ARV,Adult,S. BUYS WHOLESALER,"Efavirenz 600mg, tablets, 30 Tabs",Efavirenz,Generic,600mg,Tablet,30,2157,33315.55,15.45,0.52,"Aurobindo Unit III, India",No,Weight Captured Separately,Freight Included in Commodity Cost,34.25
51911,901-CM-T30,FPQ-12837,SCMS-204300,ASN-21708,Cameroon,PMO - US,Direct Drop,EXW,Air,8/19/2013,8/23/2013,7-Nov-13,30-Oct-13,31-Oct-13,ARV,Adult,Aurobindo Pharma Limited,"Lamivudine/Tenofovir Disoproxil Fumarate 300/300mg, tablets, 30 Tabs",Lamivudine/Tenofovir Disoproxil Fumarate,Generic,300/300mg,Tablet - FDC,30,32400,150660.0,4.65,0.16,"Aurobindo Unit VII, IN",Yes,3227,26930.79,186.37
23070,102-MW-T30,FPQ-11638,SCMS-179341,ASN-21750,Malawi,PMO - US,Direct Drop,EXW,Air,2/22/2013,3/14/2013,2-Oct-13,2-Oct-13,2-Oct-13,HRDT,HIV test,"Trinity Biotech, Plc","HIV 1/2, Uni-Gold HIV Kit, 20 Tests","HIV 1/2, Uni-Gold HIV Kit",Uni-Gold,,Test kit,20,32,1024.0,32.0,1.6,"Trinity Biotech, Plc",Yes,17,703.25,1.27
79109,110-ZM-T30,FPQ-10531,SCMS-158520,ASN-16853,Zambia,PMO - US,Direct Drop,EXW,Air,8/21/2012,9/5/2012,31-Oct-12,31-Oct-12,31-Oct-12,HRDT,HIV test,"Orgenics, Ltd","HIV 1/2, Determine Complete HIV Kit, 100 Tests","HIV 1/2, Determine Complete HIV Kit",Determine,,Test kit,100,8200,656000.0,80.0,0.8,"Alere Medical Co., Ltd.",Yes,3896,69016.63,919.71
12127,104-CI-T01,Pre-PQ Process,SO-1103,DN-442,Côte d'Ivoire,PMO - US,From RDC,N/A - From RDC,Air,Pre-PQ Process,N/A - From RDC,22-Nov-07,22-Nov-07,22-Nov-07,ARV,Adult,SCMS from RDC,"Abacavir 300mg, tablets, 60 Tabs",Abacavir,Generic,300mg,Tablet,60,3260,228200.0,70.0,1.17,"Aurobindo Unit III, India",No,See DN-442 (ID#:11202),See DN-442 (ID#:11202),365.12
47236,102-SD-T30,FPQ-7103,SCMS-100520,ASN-10315,Sudan,PMO - US,Direct Drop,FCA,Air,2/5/2011,3/2/2011,29-Apr-11,29-Apr-11,29-Apr-11,HRDT,HIV test - Ancillary,"Orgenics, Ltd","Capillary Tubes, for Determine, EDTA, 50uL,100 Pcs","HIV, Capillary Tubes, for Determine, EDTA, 50uL,100 Pcs",Determine,,Test kit - Ancillary,100,25,200.0,8.0,0.08,Inverness Japan,Yes,2,1201.72,0.33
83773,109-TZ-T30,FPQ-12587,SO-46002,DN-3582,Tanzania,PMO - US,From RDC,N/A - From RDC,Truck,7/4/2013,N/A - From RDC,30-Apr-14,2-May-14,7-May-14,ARV,Pediatric,SCMS from RDC,"Lamivudine/Nevirapine/Zidovudine 30/50/60mg, dispersible tablets, 60 Tabs",Lamivudine/Nevirapine/Zidovudine,Generic,30/50/60mg,Chewable/dispersible tablet - FDC,60,43460,162975.0,3.75,0.06,Mylan (formerly Matrix) Nashik,No,See DN-3582 (ID#:82656),See DN-3582 (ID#:82656),201.6
85741,110-ZM-T30,FPQ-6222,SO-37350,DN-2117,Zambia,PMO - US,From RDC,N/A - From RDC,Truck,8/20/2010,N/A - From RDC,31-Mar-11,7-Mar-11,7-Mar-11,ARV,Adult,SCMS from RDC,"Efavirenz 600mg, tablets, 30 Tabs",Efavirenz,Generic,600mg,Tablet,30,11729,50669.28,4.32,0.14,"Aurobindo Unit III, India",No,See DN-2117 (ID#:84061),See DN-2117 (ID#:84061),109.24
62948,108-VN-T30,FPQ-15692,SCMS-274350,ASN-32777,Vietnam,PMO - US,Direct Drop,EXW,Air,1/28/2015,2/17/2015,27-Jul-15,27-Jul-15,27-Jul-15,ARV,Adult,MYLAN LABORATORIES LTD (FORMERLY MATRIX LABORATORIES),"Lamivudine/Nevirapine/Zidovudine 150/200/300mg, tablets, 60 Tabs",Lamivudine/Nevirapine/Zidovudine,Generic,150/300/200mg,Tablet - FDC,60,14663,118770.3,8.1,0.13,Mylan (formerly Matrix) Nashik,Yes,Weight Captured Separately,Invoiced Separately,139.79
83414,104-CI-T30,FPQ-4378,SO-34370,DN-1759,Côte d'Ivoire,PMO - US,From RDC,N/A - From RDC,Air,10/15/2009,N/A - From RDC,6-Apr-10,1-Apr-10,1-Apr-10,ARV,Adult,SCMS from RDC,"Zidovudine 300mg, tablets, 60 Tabs",Zidovudine,Generic,300mg,Tablet,60,9009,67837.77,7.53,0.13,Mylan (formerly Matrix) Nashik,No,See DN-1759 (ID#:82875),See DN-1759 (ID#:82875),132.96
43537,116-ZA-T30,FPQ-14942,SCMS-259075,ASN-32137,South Africa,PMO - US,Direct Drop,DDP,Truck,9/11/2014,5/11/2015,12-May-15,12-May-15,12-May-15,ARV,Adult,PHARMACY DIRECT,"Saquinavir 200mg [Invirase], capsules, 270 Caps",Saquinavir,Invirase,200mg,Capsule,270,27,1498.82,55.51,0.21,Roche Madrid,No,Weight Captured Separately,Freight Included in Commodity Cost,1.54
12561,110-ZM-T01,Pre-PQ Process,SO-2478,DN-981,Zambia,PMO - US,From RDC,N/A - From RDC,Truck,Pre-PQ Process,N/A - From RDC,7-Nov-08,7-Nov-08,7-Nov-08,ARV,Pediatric,SCMS from RDC,"Didanosine 100mg, chewable/dispersible tablets, 60 Tabs",Didanosine,Generic,100mg,Chewable/dispersible tablet,60,4200,32550.0,7.75,0.13,"Aurobindo Unit III, India",Yes,867,2938.92,63.8
12510,102-KE-T01,Pre-PQ Process,SO-2692,DN-760,Kenya,PMO - US,From RDC,N/A - From RDC,Truck,Pre-PQ Process,N/A - From RDC,26-May-08,26-May-08,26-May-08,HRDT,HIV test - Ancillary,SCMS from RDC,"HIV, Lancet, Safety, for HIV Test kits, 100 Pcs","HIV, Lancet, Safety, for HIV Test kits, 100 Pcs",Generic,,Test kit - Ancillary,100,1000,10.0,0.01,0.0,Inverness Japan,No,See DN-760 (ID#:12207),See DN-760 (ID#:12207),0.02
84616,110-ZM-T30,FPQ-6222,SO-38280,DN-2091,Zambia,PMO - US,From RDC,N/A - From RDC,Truck,8/20/2010,N/A - From RDC,31-Jan-11,18-Jan-11,18-Jan-11,ARV,Adult,SCMS from RDC,"Lamivudine 150mg, tablets, 60 Tabs",Lamivudine,Generic,150mg,Tablet,60,22242,51823.86,2.33,0.04,Hetero Unit III Hyderabad IN,Yes,1207,7487.51,111.73
41282,114-UG-T30,FPQ-12273,SCMS-198551,ASN-21866,Uganda,PMO - US,Direct Drop,EXW,Air,7/8/2013,8/5/2013,7-Nov-13,7-Nov-13,8-Nov-13,HRDT,HIV test,BIO-RAD LABORATORIES (FRANCE),"HIV, Multispot HIV-1/HIV-2 Rapid Test Kit, 50 Tests","HIV, Multispot HIV-1/HIV-2 Rapid Test Kit",Multispot,,Test kit,50,31,38750.0,1250.0,25.0,Bio-Rad Laboratories,Yes,43,1324.43,47.93
2298,108-VN-T01,Pre-PQ Process,SCMS-37170,ASN-3562,Vietnam,PMO - US,Direct Drop,EXW,Air,Pre-PQ Process,1/16/2009,10-Apr-09,10-Apr-09,10-Apr-09,ARV,Adult,Aurobindo Pharma Limited,"Lamivudine/Nevirapine/Zidovudine 150/200/300mg, tablets, 60 Tabs",Lamivudine/Nevirapine/Zidovudine,Generic,150/300/200mg,Tablet - FDC,60,700,7805.0,11.15,0.19,"Aurobindo Unit III, India",No,See ASN-3562 (ID#:960),See ASN-3562 (ID#:960),15.3
10612,104-CI-T01,Pre-PQ Process,SO-843,DN-330,Côte d'Ivoire,PMO - US,From RDC,N/A - From RDC,,Pre-PQ Process,N/A - From RDC,4-Sep-07,4-Sep-07,4-Sep-07,ARV,Adult,SCMS from RDC,"Efavirenz 600mg, tablets, 30 Tabs",Efavirenz,Generic,600mg,Tablet,30,24265,394548.9,16.26,0.54,"Strides, Bangalore, India.",Yes,2518,6667,631.28
11956,151-NG-T01,Pre-PQ Process,SO-21808,DN-1142,Nigeria,PMO - US,From RDC,N/A - From RDC,Air Charter,Pre-PQ Process,N/A - From RDC,19-Mar-09,19-Mar-09,19-Mar-09,ARV,Adult,SCMS from RDC,"Lamivudine/Nevirapine/Zidovudine 150/200/300mg, tablets, 60 Tabs",Lamivudine/Nevirapine/Zidovudine,Generic,150/300/200mg,Tablet - FDC,60,4314,49179.6,11.4,0.19,"Aurobindo Unit III, India",Yes,485,22985.73,96.39
72918,116-ZA-T30,FPQ-13973,SCMS-238554,ASN-28627,South Africa,PMO - US,Direct Drop,DDP,Truck,4/30/2014,10/3/2014,3-Oct-14,3-Oct-14,3-Oct-14,ARV,Adult,PHARMACY DIRECT,"Lamivudine/Zidovudine 150/300mg, tablets, 60 Tabs",Lamivudine/Zidovudine,Generic,150/300mg,Tablet - FDC,60,9,280.73,31.19,0.52,"Aurobindo Unit III, India",No,Weight Captured Separately,Freight Included in Commodity Cost,0.29
10240,109-TZ-T01,Pre-PQ Process,SCMS-37800,ASN-3479,Tanzania,PMO - US,Direct Drop,DDP,Truck,Pre-PQ Process,1/26/2009,23-Feb-09,23-Feb-09,23-Feb-09,HRDT,HIV test,KAS MEDICS LIMITED,"HIV 1/2, Determine Complete HIV Kit, 100 Tests","HIV 1/2, Determine Complete HIV Kit",Determine,,Test kit,100,110,12650.0,115.0,1.15,Inverness Japan,Yes,Weight Captured Separately,Freight Included in Commodity Cost,24.79
83279,111-MZ-T30,FPQ-13166,SO-47610,DN-3935,Mozambique,PMO - US,From RDC,N/A - From RDC,Truck,10/21/2013,N/A - From RDC,31-Oct-14,30-Oct-14,13-Nov-14,ARV,Adult,SCMS from RDC,"Abacavir/Lamivudine 600/300mg, tablets, 30 Tabs",Abacavir/Lamivudine,Generic,600/300mg,Tablet - FDC,30,1934,26147.68,13.52,0.45,"Cipla, Patalganga, India",Yes,195,63.07,26.88
11137,112-NG-T01,Pre-PQ Process,SO-563,DN-209,Nigeria,PMO - US,From RDC,N/A - From RDC,,Pre-PQ Process,N/A - From RDC,3-Jul-07,3-Jul-07,3-Jul-07,ARV,Adult,SCMS from RDC,"Lamivudine/Nevirapine/Stavudine 150/200/40mg, tablets, 60 Tabs",Lamivudine/Nevirapine/Stavudine,Generic,150/200/40mg,Tablet - FDC,60,1018,7838.6,7.7,0.13,"Cipla, Goa, India",No,See DN-209 (ID#:11136),See DN-209 (ID#:11136),12.54
11806,111-MZ-T01,Pre-PQ Process,SO-1038,DN-426,Mozambique,PMO - US,From RDC,N/A - From RDC,Air,Pre-PQ Process,N/A - From RDC,29-Nov-07,29-Nov-07,29-Nov-07,ARV,Adult,SCMS from RDC,"Lamivudine/Nevirapine/Stavudine 150/200/30mg, tablets, 60 Tabs",Lamivudine/Nevirapine/Stavudine,Generic,150/200/30mg,Tablet - FDC,60,30000,222000.0,7.4,0.12,"Cipla, Goa, India",No,See DN-426 (ID#:10633),See DN-426 (ID#:10633),355.2
12639,102-NG-T01,Pre-PQ Process,SO-474,DN-138,Nigeria,PMO - US,From RDC,N/A - From RDC,,Pre-PQ Process,N/A - From RDC,24-May-07,24-May-07,24-May-07,HRDT,HIV test,SCMS from RDC,"HIV 1/2, Stat-Pak HIV, Kit, 20 Tests","HIV 1/2, Stat-Pak HIV, Kit",Stat-Pak,,Test kit,20,6000,162000.0,27.0,1.35,Chembio Diagnostics Sys. Inc.,Yes,1833,9666,
12187,106-HT-T01,Pre-PQ Process,SO-2042,DN-682,Haiti,PMO - US,From RDC,N/A - From RDC,Air,Pre-PQ Process,N/A - From RDC,21-Mar-08,21-Mar-08,21-Mar-08,ARV,Pediatric,SCMS from RDC,"Didanosine 200mg, chewable/dispersible tablets, 60 Tabs",Didanosine,Generic,200mg,Chewable/dispersible tablet,60,75,1162.5,15.5,0.26,"Aurobindo Unit III, India",No,See DN-682 (ID#:10963),See DN-682 (ID#:10963),1.86
46942,161-ZA-T30,FPQ-5648,SCMS-75530,ASN-7959,South Africa,PMO - US,Direct Drop,DDP,Air,6/2/2010,6/16/2010,13-Oct-10,13-Oct-10,13-Oct-10,ARV,Adult,CIPLA LIMITED,"Abacavir 300mg, tablets, 60 Tabs",Abacavir,Generic,300mg,Tablet,60,10000,172800.0,17.28,0.29,"Cipla, Patalganga, India",Yes,1087,2531.3,372.56
45197,116-ZA-T30,FPQ-14942,SCMS-259079,ASN-33851,South Africa,PMO - US,Direct Drop,DDP,Truck,9/11/2014,10/9/2014,24-Aug-15,24-Aug-15,24-Aug-15,ARV,Adult,PHARMACY DIRECT,"Lamivudine/Zidovudine 150/300mg, tablets, 60 Tabs",Lamivudine/Zidovudine,Generic,150/300mg,Tablet - FDC,60,27,620.91,23.0,0.38,"Aurobindo Unit III, India",No,Weight Captured Separately,Freight Included in Commodity Cost,0.64
30274,106-HT-T30,FPQ-12041,SCMS-189140,ASN-20329,Haiti,PMO - US,Direct Drop,EXW,Air,4/26/2013,5/21/2013,17-Jul-13,17-Jul-13,17-Jul-13,HRDT,HIV test,"Orgenics, Ltd","HIV 1/2, Determine Complete HIV Kit, 100 Tests","HIV 1/2, Determine Complete HIV Kit",Determine,,Test kit,100,4000,400000.0,100.0,1.0,"Alere Medical Co., Ltd.",Yes,1740,24069.99,494.8
28664,111-MZ-T30,FPQ-7054,SCMS-98420,ASN-10816,Mozambique,PMO - US,Direct Drop,FCA,Air,1/21/2011,2/8/2011,24-May-11,24-May-11,24-May-11,ARV,Adult,Hoffmann-La Roche ltd Basel,"Saquinavir 200mg [Invirase], capsules, 270 Caps",Saquinavir,Invirase,200mg,Capsule,270,420,43478.98,103.52,0.38,Roche Basel,Yes,446,5017.18,71.74
85106,151-NG-T30,FPQ-4537,SO-35111,DN-1786,Nigeria,PMO - US,From RDC,N/A - From RDC,Air Charter,11/6/2009,N/A - From RDC,31-May-10,18-May-10,18-May-10,ARV,Adult,SCMS from RDC,"Lamivudine/Zidovudine+Efavirenz 150/300mg+600mg, tablets, co-blister 60+30 Tabs",Lamivudine/Zidovudine+Efavirenz,Generic,150/300mg+600mg,Tablet - FDC + co-blister,90,250,6875.0,27.5,0.31,"Aurobindo Unit III, India",Yes,42,9736.1,14.82
86415,151-NG-T30,FPQ-7812,SO-40720,DN-2378,Nigeria,PMO - US,From RDC,N/A - From RDC,Air Charter,6/6/2011,N/A - From RDC,3-Nov-11,28-Sep-11,28-Sep-11,ARV,Adult,SCMS from RDC,"Efavirenz/Emtricitabine/Tenofovir Disoproxil Fumarate 600/200/300mg, tablets, 30 Tabs",Efavirenz/Emtricitabine/Tenofovir Disoproxil Fumarate,Generic,600/200/300mg,Tablet - FDC,30,90932,1811365.44,19.92,0.66,Mylan (formerly Matrix) Nashik,Yes,10428,18495.9,2988.75
27614,101-CD-T30,FPQ-14654,SCMS-253260,ASN-28279,"Congo, DRC",PMO - US,Direct Drop,EXW,Air,8/11/2014,8/27/2014,4-Nov-14,4-Nov-14,20-Nov-14,HRDT,HIV test,"Trinity Biotech, Plc","HIV 1/2, Uni-Gold HIV Kit, 20 Tests","HIV 1/2, Uni-Gold HIV Kit",Uni-Gold,,Test kit,20,47,1504.0,32.0,1.6,"Trinity Biotech, Plc",No,See ASN-28279 (ID#:13547),See ASN-28279 (ID#:13547),1.55
83705,114-UG-T30,FPQ-12253,SO-45470,DN-3256,Uganda,PMO - US,From RDC,N/A - From RDC,Air,5/8/2013,N/A - From RDC,6-Aug-13,20-Aug-13,20-Aug-13,ARV,Adult,SCMS from RDC,"Lamivudine/Zidovudine 150/300mg, tablets, 60 Tabs",Lamivudine/Zidovudine,Generic,150/300mg,Tablet - FDC,60,7619,53333.0,7.0,0.12,Hetero Unit III Hyderabad IN,No,See DN-3256 (ID#:83149),See DN-3256 (ID#:83149),65.97
22531,108-VN-T30,FPQ-4265,SCMS-56220,ASN-5683,Vietnam,PMO - US,Direct Drop,EXW,Air,10/20/2009,11/2/2009,7-Jan-10,7-Jan-10,7-Jan-10,ARV,Adult,CIPLA LIMITED,"Lamivudine/Nevirapine/Stavudine 150/200/30mg, tablets, 60 Tabs",Lamivudine/Nevirapine/Stavudine,Generic,150/200/30mg,Tablet - FDC,60,19600,120540.0,6.15,0.1,"Cipla, Goa, India",Yes,1926,12423.96,236.26
74699,108-VN-T30,FPQ-5317,SCMS-69440,ASN-7220,Vietnam,PMO - US,Direct Drop,EXW,Air,3/22/2010,3/26/2010,1-Jul-10,1-Jul-10,1-Jul-10,ARV,Adult,CIPLA LIMITED,"Lamivudine/Nevirapine/Stavudine 150/200/30mg, tablets, 60 Tabs",Lamivudine/Nevirapine/Stavudine,Generic,150/200/30mg,Tablet - FDC,60,30080,171155.2,5.69,0.09,"Cipla, Goa, India",Yes,2933,12067.26,369.01
85008,110-ZM-T30,FPQ-14162,SO-48680,DN-4082,Zambia,PMO - US,From RDC,N/A - From RDC,Truck,4/24/2014,N/A - From RDC,30-Jan-15,19-Feb-15,20-Feb-15,ARV,Adult,SCMS from RDC,"Lamivudine/Zidovudine 150/300mg, tablets, 60 Tabs",Lamivudine/Zidovudine,Generic,150/300mg,Tablet - FDC,60,132000,871200.0,6.6,0.11,Mylan (formerly Matrix) Nashik,Yes,10615,22520.71,895.59
84971,101-CD-T30,FPQ-14252,SO-48851,DN-3901,"Congo, DRC",PMO - US,From RDC,N/A - From RDC,Air,5/7/2014,N/A - From RDC,30-Sep-14,24-Oct-14,10-Nov-14,ARV,Pediatric,SCMS from RDC,"Zidovudine 10mg/ml, oral solution w/syringe, Bottle, 240 ml",Zidovudine,Generic,10mg/ml,Oral solution,240,1090,2289.0,2.1,0.01,"Cipla, Goa, India",Yes,408,5580.44,2.35
20432,161-ZA-T30,FPQ-7175,SCMS-103390,ASN-12169,South Africa,PMO - US,Direct Drop,DDP,Ocean,3/10/2011,3/24/2011,10-Oct-11,3-Nov-11,3-Nov-11,ARV,Adult,Aurobindo Pharma Limited,"Efavirenz 600mg, tablets, 30 Tabs",Efavirenz,Generic,600mg,Tablet,30,106589,480716.39,4.51,0.15,"Aurobindo Unit III, India",Yes,9061,9323.3,793.18
84126,900-SZ-T30,FPQ-8417,SO-40690,DN-2456,Swaziland,PMO - US,From RDC,N/A - From RDC,Air,9/14/2011,N/A - From RDC,12-Dec-11,12-Dec-11,12-Dec-11,ARV,Adult,SCMS from RDC,"Nevirapine 200mg, tablets, 60 Tabs",Nevirapine,Generic,200mg,Tablet,60,13023,33599.34,2.58,0.04,"Strides, Bangalore, India.",Yes,750,3787.65,55.44
84524,105-GY-T30,FPQ-4915,SO-35700,DN-1637,Guyana,PMO - US,From RDC,N/A - From RDC,Air,1/14/2010,N/A - From RDC,26-Feb-10,9-Feb-10,9-Feb-10,ARV,Adult,SCMS from RDC,"Nevirapine 200mg, tablets, 60 Tabs",Nevirapine,Generic,200mg,Tablet,60,2475,6756.75,2.73,0.05,"Aurobindo Unit III, India",Yes,347,4293.82,14.57
39769,102-SD-T30,FPQ-8264,SCMS-121852,ASN-13538,Sudan,PMO - US,Direct Drop,EXW,Air,9/7/2011,9/14/2011,20-Feb-12,20-Feb-12,20-Feb-12,HRDT,HIV test - Ancillary,"Orgenics, Ltd","Capillary Tubes, for Determine, EDTA, 50uL,100 Pcs","HIV, Capillary Tubes, for Determine, EDTA, 50uL,100 Pcs",Determine,,Test kit - Ancillary,100,2,16.0,8.0,0.08,"Alere Medical Co., Ltd.",Yes,2,980.7,0.03
63401,114-UG-T30,FPQ-12290,SCMS-192180,ASN-24273,Uganda,PMO - US,Direct Drop,CIP,Air,5/17/2013,7/3/2013,14-Feb-14,14-Feb-14,19-Feb-14,ARV,Adult,ASPEN PHARMACARE,"Darunavir 300mg [Prezista], tablets, 120 Tabs",Darunavir,Prezista,300mg,Tablet,120,454,30236.4,66.6,0.55,"Aspen-OSD, Port Elizabeth, SA",Yes,79,281.94,37.4
82403,151-NG-T30,FPQ-7812,SO-39994,DN-2353,Nigeria,PMO - US,From RDC,N/A - From RDC,Air Charter,6/6/2011,N/A - From RDC,3-Nov-11,28-Sep-11,28-Sep-11,ARV,Adult,SCMS from RDC,"Lamivudine 150mg, tablets, 60 Tabs",Lamivudine,Generic,150mg,Tablet,60,4300,10019.0,2.33,0.04,"Aurobindo Unit III, India",Yes,220,18495.9,16.53
41902,108-VN-T30,FPQ-12539,SCMS-199850,ASN-23208,Vietnam,PMO - US,Direct Drop,EXW,Air,7/11/2013,7/25/2013,7-Jan-14,7-Jan-14,7-Jan-14,ARV,Adult,HETERO LABS LIMITED,"Tenofovir Disoproxil Fumarate 300mg, tablets, 30 Tabs",Tenofovir Disoproxil Fumarate,Generic,300mg,Tablet,30,13307,47239.85,3.55,0.12,Hetero Unit III Hyderabad IN,Yes,1018,1681.58,58.44
33962,106-HT-T30,FPQ-4337,SCMS-56120,ASN-5630,Haiti,PMO - US,Direct Drop,CIP,Air,10/13/2009,11/6/2009,21-Dec-09,21-Dec-09,21-Dec-09,ARV,Pediatric,BRISTOL-MYERS SQUIBB,"Didanosine 25mg [Videx], chewable tablets, 60 Tabs",Didanosine,Videx,25mg,Chewable/dispersible tablet,60,120,840.0,7.0,0.12,"BMS Meymac, France",Yes,29,260,1.65
84382,151-NG-T30,FPQ-12801,SO-46540,DN-3790,Nigeria,PMO - US,From RDC,N/A - From RDC,Air Charter,8/6/2013,N/A - From RDC,30-Jun-14,20-Jun-14,25-Jun-14,ARV,Pediatric,SCMS from RDC,"Abacavir/Lamivudine 60/30mg, tablets, 60 Tabs",Abacavir/Lamivudine,Generic,60/30mg,Tablet - FDC,60,27137,110990.33,4.09,0.07,Mylan (formerly Matrix) Nashik,Yes,1169,28812.58,137.3
25220,133-NG-T30,FPQ-10765,SCMS-162440,ASN-17647,Nigeria,PMO - US,Direct Drop,EXW,Air,10/5/2012,10/16/2012,9-Jan-13,28-Jan-13,28-Jan-13,HRDT,HIV test,"Orgenics, Ltd","HIV 1/2, Determine Complete HIV Kit, 100 Tests","HIV 1/2, Determine Complete HIV Kit",Determine,,Test kit,100,2352,209328.0,89.0,0.89,"Alere Medical Co., Ltd.",Yes,1058,21683.23,293.48
76097,108-VN-T30,FPQ-4098,SCMS-51770,ASN-5448,Vietnam,PMO - US,Direct Drop,EXW,Air,8/12/2009,8/14/2009,3-Dec-09,3-Dec-09,3-Dec-09,ARV,Adult,Aurobindo Pharma Limited,"Stavudine 30mg, capsules, 60 Caps",Stavudine,Generic,30mg,Capsule,60,13020,18879.0,1.45,0.02,"Aurobindo Unit III, India",Yes,861,1872.53,37.0
65156,101-CD-T30,FPQ-14654,SCMS-253260,ASN-28279,"Congo, DRC",PMO - US,Direct Drop,EXW,Air,8/11/2014,8/27/2014,4-Nov-14,4-Nov-14,20-Nov-14,HRDT,HIV test,"Trinity Biotech, Plc","HIV 1/2, Uni-Gold HIV Kit, 20 Tests","HIV 1/2, Uni-Gold HIV Kit",Uni-Gold,,Test kit,20,73,2336.0,32.0,1.6,"Trinity Biotech, Plc",No,See ASN-28279 (ID#:13547),See ASN-28279 (ID#:13547),2.4
9253,106-HT-T01,Pre-PQ Process,SCMS-63,ASN-83,Haiti,PMO - US,Direct Drop,EXW,Air,Pre-PQ Process,Date Not Captured,18-Oct-06,18-Oct-06,18-Oct-06,HRDT,HIV test,Abbott GmbH & Co. KG,"HIV 1/2, Determine Complete HIV Kit, 100 Tests","HIV 1/2, Determine Complete HIV Kit",Determine,,Test kit,100,500,40000.0,80.0,0.8,ABBVIE GmbH & Co.KG Wiesbaden,Yes,169,1215.84,
84884,104-CI-T30,FPQ-12800,SO-46350,DN-3504,Côte d'Ivoire,PMO - US,From RDC,N/A - From RDC,Air,8/9/2013,N/A - From RDC,31-Jan-14,18-Jan-14,4-Mar-14,ARV,Pediatric,SCMS from RDC,"Nevirapine 10mg/ml, oral suspension w/syringe, Bottle, 240 ml",Nevirapine,Generic,10mg/ml,Oral suspension,240,4000,7440.0,1.86,0.01,"Aurobindo Unit III, India",Yes,1928,8050.55,9.2
83561,101-CD-T30,FPQ-8840,SO-41141,DN-2505,"Congo, DRC",PMO - US,From RDC,N/A - From RDC,Air,11/21/2011,N/A - From RDC,16-Mar-12,14-Mar-12,14-Mar-12,ARV,Adult,SCMS from RDC,"Lamivudine/Tenofovir Disoproxil Fumarate 300/300mg, tablets, 30 Tabs",Lamivudine/Tenofovir Disoproxil Fumarate,Generic,300/300mg,Tablet - FDC,30,53,322.24,6.08,0.2,Mylan (formerly Matrix) Nashik,Yes,220,2110.2,0.45
85915,103-ZW-T30,FPQ-9907,SO-42200,DN-2913,Zimbabwe,PMO - US,From RDC,N/A - From RDC,Truck,5/15/2012,N/A - From RDC,19-Nov-12,19-Nov-12,19-Nov-12,ARV,Pediatric,SCMS from RDC,"Lamivudine/Zidovudine 30/60mg, tablets, 60 Tabs",Lamivudine/Zidovudine,Generic,30/60mg,Tablet - FDC,60,2267,6256.92,2.76,0.05,"Aurobindo Unit III, India",No,See DN-2913 (ID#:84764),See DN-2913 (ID#:84764),8.77
84824,151-NG-T30,FPQ-11022,SO-43850,DN-3199,Nigeria,PMO - US,From RDC,N/A - From RDC,Air Charter,11/15/2012,N/A - From RDC,4-Jun-13,29-May-13,29-May-13,ARV,Adult,SCMS from RDC,"Efavirenz 600mg, tablets, 30 Tabs",Efavirenz,Generic,600mg,Tablet,30,63610,211821.3,3.33,0.11,"Aurobindo Unit III, India",No,See DN-3199 (ID#:84270),See DN-3199 (ID#:84270),262.02
86199,110-ZM-T30,FPQ-14784,SO-49622,DN-4257,Zambia,PMO - US,From RDC,N/A - From RDC,Truck,8/12/2014,N/A - From RDC,29-May-15,15-May-15,15-May-15,ARV,Adult,SCMS from RDC,"Efavirenz/Lamivudine/Tenofovir Disoproxil Fumarate 600/300/300mg, tablets, 30 Tabs",Efavirenz/Lamivudine/Tenofovir Disoproxil Fumarate,Generic,600/300/300mg,Tablet - FDC,30,555197,5329891.2,9.6,0.32,Mylan (formerly Matrix) Nashik,No,See DN-4257 (ID#:84468),See DN-4257 (ID#:84468),5479.13
26849,161-ZA-T30,FPQ-5648,SCMS-75660,ASN-8694,South Africa,PMO - US,Direct Drop,DDP,Ocean,6/2/2010,6/17/2010,12-Oct-10,15-Dec-10,15-Dec-10,ARV,Adult,Aurobindo Pharma Limited,"Efavirenz 600mg, tablets, 30 Tabs",Efavirenz,Generic,600mg,Tablet,30,108211,488031.61,4.51,0.15,"Aurobindo Unit III, India",Yes,Weight Captured Separately,Freight Included in Commodity Cost,1052.2
83595,151-NG-T30,FPQ-8952,SO-41258,DN-2707,Nigeria,PMO - US,From RDC,N/A - From RDC,Air Charter,12/8/2011,N/A - From RDC,20-Jun-12,3-Jun-12,3-Jun-12,ARV,Adult,SCMS from RDC,"Emtricitabine/Tenofovir Disoproxil Fumarate 200/300mg, tablets, 30 Tabs",Emtricitabine/Tenofovir Disoproxil Fumarate,Generic,200/300mg,Tablet - FDC,30,8257,66386.28,8.04,0.27,"Aurobindo Unit III, India",Yes,814,17090,93.07
86751,104-CI-T30,FPQ-14370,SO-49081,DN-4015,Côte d'Ivoire,PMO - US,From RDC,N/A - From RDC,Truck,5/23/2014,N/A - From RDC,28-Nov-14,2-Dec-14,8-Dec-14,ARV,Adult,SCMS from RDC,"Lamivudine/Zidovudine 150/300mg, tablets, 60 Tabs",Lamivudine/Zidovudine,Generic,150/300mg,Tablet - FDC,60,55995,365087.4,6.52,0.11,"Aurobindo Unit III, India",Yes,4899,19497.24,375.31
84148,151-NG-T30,FPQ-8364,SO-40665,DN-2561,Nigeria,PMO - US,From RDC,N/A - From RDC,Air Charter,8/29/2011,N/A - From RDC,16-Mar-12,16-Feb-12,16-Feb-12,ARV,Adult,SCMS from RDC,"Lamivudine/Tenofovir Disoproxil Fumarate 300/300mg, tablets, 30 Tabs",Lamivudine/Tenofovir Disoproxil Fumarate,Generic,300/300mg,Tablet - FDC,30,22426,136350.08,6.08,0.2,Mylan (formerly Matrix) Nashik,Yes,1942,25231.96,224.98
7125,116-ZA-T01,Pre-PQ Process,SCMS-23500,ASN-2293,South Africa,PMO - US,Direct Drop,DDP,Truck,Pre-PQ Process,Date Not Captured,20-Aug-08,8-May-08,8-May-08,ARV,Pediatric,S. BUYS WHOLESALER,"Lopinavir/Ritonavir 80/20mg/ml [Kaletra], oral solution, cool, Bottle 5 x 60 ml",Lopinavir/Ritonavir,Kaletra,80/20mg/ml,Oral solution,300,40,1479.6,36.99,0.12,ABBVIE (Abbott) Logis. UK,No,Weight Captured Separately,Freight Included in Commodity Cost,2.37
71180,113-ZW-T30,FPQ-13939,SCMS-240580,ASN-27035,Zimbabwe,PMO - US,Direct Drop,EXW,Air Charter,4/1/2014,5/26/2014,23-Jul-14,23-Jul-14,29-Jul-14,ARV,Adult,Aurobindo Pharma Limited,"Lamivudine/Tenofovir Disoproxil Fumarate 300/300mg, tablets, 30 Tabs",Lamivudine/Tenofovir Disoproxil Fumarate,Generic,300/300mg,Tablet - FDC,30,29146,135528.9,4.65,0.16,"Aurobindo Unit VII, IN",Yes,2870,19430.86,139.32
48906,116-ZA-T30,FPQ-14942,SCMS-259076,ASN-32524,South Africa,PMO - US,Direct Drop,DDP,Truck,9/11/2014,6/2/2015,2-Jun-15,2-Jun-15,2-Jun-15,ARV,Adult,PHARMACY DIRECT,"Emtricitabine/Tenofovir Disoproxil Fumarate 200/300mg, tablets, 30 Tabs",Emtricitabine/Tenofovir Disoproxil Fumarate,Generic,200/300mg,Tablet - FDC,30,13,283.8,21.83,0.73,"Aurobindo Unit III, India",No,Weight Captured Separately,Freight Included in Commodity Cost,0.29
36083,114-UG-T30,FPQ-13655,SCMS-226131,ASN-27538,Uganda,PMO - US,Direct Drop,EXW,Air,2/4/2014,4/10/2014,22-Aug-14,22-Aug-14,27-Aug-14,HRDT,HIV test,BIO-RAD LABORATORIES (FRANCE),"HIV, Multispot HIV-1/HIV-2 Rapid Test Kit, 50 Tests","HIV, Multispot HIV-1/HIV-2 Rapid Test Kit",Multispot,,Test kit,50,45,55913.85,1242.53,24.85,Bio-Rad Laboratories,Yes,68,1305.28,57.48
35323,104-CI-T30,FPQ-12150,SCMS-191960,ASN-22107,Côte d'Ivoire,PMO - US,Direct Drop,FCA,Air,4/29/2013,6/12/2013,17-Oct-13,17-Oct-13,28-Oct-13,ARV,Adult,ABBVIE LOGISTICS (FORMERLY ABBOTT LOGISTICS BV),"Ritonavir 100mg [Norvir], film coated tablets, 60 Tabs",Ritonavir,Norvir,100mg,Tablet,60,780,5343.0,6.85,0.11,ABBVIE Ludwigshafen Germany,Yes,102,1743.84,6.61
82897,151-NG-T30,FPQ-5023,SO-36443,DN-1901,Nigeria,PMO - US,From RDC,N/A - From RDC,Air,2/10/2010,N/A - From RDC,15-Jul-10,28-Jun-10,28-Jun-10,ARV,Adult,SCMS from RDC,"Efavirenz 600mg, tablets, 30 Tabs",Efavirenz,Generic,600mg,Tablet,30,6000,27600.0,4.6,0.15,"Aurobindo Unit III, India",Yes,514,Freight Included in Commodity Cost,59.51
82418,110-ZM-T30,FPQ-7667,SO-40241,DN-2423,Zambia,PMO - US,From RDC,N/A - From RDC,Ocean,7/26/2011,N/A - From RDC,10-Jan-12,28-Nov-11,28-Nov-11,ARV,Pediatric,SCMS from RDC,"Nevirapine 10mg/ml, oral suspension w/syringe, Bottle, 240 ml",Nevirapine,Generic,10mg/ml,Oral suspension,240,12861,25078.95,1.95,0.01,"Aurobindo Unit III, India",Yes,4836,4075.1,41.38
86589,102-BI-T30,FPQ-12065,SO-45151,DN-3260,Burundi,PMO - US,From RDC,N/A - From RDC,Air,4/22/2013,N/A - From RDC,6-Aug-13,21-May-13,18-Nov-14,ARV,Adult,SCMS from RDC,"Lamivudine/Tenofovir Disoproxil Fumarate 300/300mg, tablets, 30 Tabs",Lamivudine/Tenofovir Disoproxil Fumarate,Generic,300/300mg,Tablet - FDC,30,48,225.6,4.7,0.16,Hetero Unit III Hyderabad IN,No,See DN-3260 (ID#:82593),See DN-3260 (ID#:82593),0.28
84314,104-CI-T30,FPQ-12800,SO-46340,DN-3469,Côte d'Ivoire,PMO - US,From RDC,N/A - From RDC,Air,8/9/2013,N/A - From RDC,22-Jan-14,16-Dec-13,20-Jan-14,ARV,Adult,SCMS from RDC,"Lamivudine/Tenofovir Disoproxil Fumarate 300/300mg, tablets, 30 Tabs",Lamivudine/Tenofovir Disoproxil Fumarate,Generic,300/300mg,Tablet - FDC,30,7130,33511.0,4.7,0.16,"Aurobindo Unit VII, IN",Yes,669,2431.39,41.45
85301,104-CI-T30,FPQ-9749,SO-42382,DN-2837,Côte d'Ivoire,PMO - US,From RDC,N/A - From RDC,Truck,4/19/2012,N/A - From RDC,13-Nov-12,5-Sep-12,5-Sep-12,ARV,Pediatric,SCMS from RDC,"Efavirenz 200mg, capsule, 90 Caps",Efavirenz,Generic,200mg,Capsule,90,3400,28084.0,8.26,0.09,"Aurobindo Unit III, India",No,See DN-2837 (ID#:82507),See DN-2837 (ID#:82507),39.37
84694,101-CD-T30,FPQ-8840,SO-41133,DN-2495,"Congo, DRC",PMO - US,From RDC,N/A - From RDC,Air,11/21/2011,N/A - From RDC,16-Mar-12,14-Feb-12,14-Feb-12,ARV,Adult,SCMS from RDC,"Abacavir 300mg, tablets, 60 Tabs",Abacavir,Generic,300mg,Tablet,60,23,336.49,14.63,0.24,Mylan (formerly Matrix) Nashik,No,See DN-2495 (ID#:83555),See DN-2495 (ID#:83555),0.47
82539,101-CD-T30,FPQ-11054,SO-43680,DN-2981,"Congo, DRC",PMO - US,From RDC,N/A - From RDC,Air,11/16/2012,N/A - From RDC,11-Sep-13,11-Sep-13,11-Sep-13,ARV,Adult,SCMS from RDC,"Efavirenz/Lamivudine/Tenofovir Disoproxil Fumarate 600/300/300mg, tablets, 30 Tabs",Efavirenz/Lamivudine/Tenofovir Disoproxil Fumarate,Generic,600/300/300mg,Tablet - FDC,30,2952,35748.72,12.11,0.4,Mylan (formerly Matrix) Nashik,No,See DN-2981 (ID#:82538),See DN-2981 (ID#:82538),44.22
14097,102-BI-T30,FPQ-14594,SCMS-250110,ASN-28194,Burundi,PMO - US,Direct Drop,EXW,Air,7/17/2014,8/6/2014,6-Oct-14,6-Oct-14,6-Oct-14,HRDT,HIV test,"Orgenics, Ltd","HIV 1/2, Determine Complete HIV Kit, 100 Tests","HIV 1/2, Determine Complete HIV Kit",Determine,,Test kit,100,3484,278720.0,80.0,0.8,"Alere Medical Co., Ltd.",Yes,1415,33228.68,286.52
39393,127-KE-T30,FPQ-8155,SCMS-119190,ASN-12468,Kenya,PMO - US,Direct Drop,EXW,Air,8/5/2011,8/28/2011,4-Nov-11,4-Nov-11,4-Nov-11,HRDT,HIV test,"Orgenics, Ltd","HIV 1/2, Determine Complete HIV Kit, 100 Tests","HIV 1/2, Determine Complete HIV Kit",Determine,,Test kit,100,6105,543345.0,89.0,0.89,"Alere Medical Co., Ltd.",Yes,1051,11208.38,896.52
83316,103-ZW-T30,FPQ-13967,SO-48420,DN-4159,Zimbabwe,PMO - US,From RDC,N/A - From RDC,Truck,4/2/2014,N/A - From RDC,31-Mar-15,17-Mar-15,19-Mar-15,ARV,Pediatric,SCMS from RDC,"Abacavir/Lamivudine 60/30mg, tablets, 60 Tabs",Abacavir/Lamivudine,Generic,60/30mg,Tablet - FDC,60,19996,78984.2,3.95,0.07,Mylan (formerly Matrix) Nashik,Yes,1119,1417.12,81.2
41875,116-ZA-T30,FPQ-13214,SCMS-215410,ASN-23875,South Africa,PMO - US,Direct Drop,DDP,Truck,11/14/2013,12/2/2013,13-Jan-14,13-Jan-14,13-Jan-14,ARV,Adult,S. BUYS WHOLESALER,"Didanosine 400mg, delayed-release capsules, 30 Caps",Didanosine,Generic,400mg,Delayed-release capsules,30,26,506.63,19.49,0.65,"Aurobindo Unit III, India",No,Weight Captured Separately,Freight Included in Commodity Cost,0.52
12558,151-NG-T01,Pre-PQ Process,SO-21801,DN-1135,Nigeria,PMO - US,From RDC,N/A - From RDC,Air Charter,Pre-PQ Process,N/A - From RDC,19-Mar-09,19-Mar-09,19-Mar-09,ARV,Adult,SCMS from RDC,"Lamivudine/Nevirapine/Zidovudine 150/200/300mg, tablets, 60 Tabs",Lamivudine/Nevirapine/Zidovudine,Generic,150/300/200mg,Tablet - FDC,60,15944,181761.6,11.4,0.19,"Aurobindo Unit III, India",Yes,1793,11492.86,356.25
66355,900-TZ-T30,FPQ-10396,SCMS-157661,ASN-17086,Tanzania,PMO - US,Direct Drop,EXW,Air,7/31/2012,10/4/2012,7-Dec-12,30-Nov-12,30-Nov-12,HRDT,HIV test,"Orgenics, Ltd","HIV 1/2, Determine Complete HIV Kit, 100 Tests","HIV 1/2, Determine Complete HIV Kit",Determine,,Test kit,100,840,67200.0,80.0,0.8,"Alere Medical Co., Ltd.",Yes,405,7765.61,94.21
11841,110-ZM-T01,Pre-PQ Process,SO-1675,DN-579,Zambia,PMO - US,From RDC,N/A - From RDC,,Pre-PQ Process,N/A - From RDC,21-Jan-08,26-Nov-07,26-Nov-07,ARV,Adult,SCMS from RDC,"Efavirenz 600mg, tablets, 30 Tabs",Efavirenz,Generic,600mg,Tablet,30,44135,548156.7,12.42,0.41,"Aurobindo Unit III, India",Yes,4082,17600.24,877.05
10365,116-ZA-T01,Pre-PQ Process,SCMS-41585,ASN-4386,South Africa,PMO - US,Direct Drop,DDP,Air,Pre-PQ Process,3/27/2009,25-Jun-09,21-Apr-09,21-Apr-09,ARV,Adult,S. BUYS WHOLESALER,"Lopinavir/Ritonavir 200/50mg [Aluvia], tablets, 120 Tabs",Lopinavir/Ritonavir,Aluvia,200/50mg,Tablet,120,1900,68362.0,35.98,0.3,ABBVIE Ludwigshafen Germany,No,Weight Captured Separately,Freight Included in Commodity Cost,133.99
12659,104-CI-T01,Pre-PQ Process,SO-518,DN-149,Côte d'Ivoire,PMO - US,From RDC,N/A - From RDC,,Pre-PQ Process,N/A - From RDC,18-May-07,18-May-07,18-May-07,HRDT,HIV test,SCMS from RDC,"#108853** HIV, Genie II HIV-1/HIV-2 Kit, 40 Tests","HIV, Genie II HIV-1/HIV-2 Kit",Genie,,Test kit,40,160,12160.0,76.0,1.9,Bio-Rad Laboratories,Yes,173,1754,
10610,104-CI-T01,Pre-PQ Process,SO-997,DN-324,Côte d'Ivoire,PMO - US,From RDC,N/A - From RDC,,Pre-PQ Process,N/A - From RDC,31-Aug-07,31-Aug-07,31-Aug-07,ARV,Adult,SCMS from RDC,"Ritonavir 100mg [Norvir], capsules, cool, 4 x 84 Caps",Ritonavir,Norvir,100mg,Capsule,336,245,9398.2,38.36,0.11,ABBVIE (Abbott) France,Yes,1468,4602.4,15.04
84451,107-RW-T30,FPQ-15632,SO-50730,DN-4141,Rwanda,PMO - US,From RDC,N/A - From RDC,Air,12/23/2014,N/A - From RDC,10-Mar-15,27-Mar-15,30-Mar-15,ARV,Pediatric,SCMS from RDC,"Lamivudine/Nevirapine/Zidovudine 30/50/60mg, dispersible tablets, 60 Tabs",Lamivudine/Nevirapine/Zidovudine,Generic,30/50/60mg,Chewable/dispersible tablet - FDC,60,10000,36000.0,3.6,0.06,Mylan (formerly Matrix) Nashik,Yes,558,3989.81,42.37
44913,116-ZA-T30,FPQ-11828,SCMS-183950,ASN-19166,South Africa,South Africa Field Office,Direct Drop,DDP,Truck,3/18/2013,Date Not Captured,16-Apr-13,16-Apr-13,16-Apr-13,ARV,Adult,S. BUYS WHOLESALER,"Lopinavir/Ritonavir 200/50mg [Aluvia], tablets, 120 Tabs",Lopinavir/Ritonavir,Aluvia,200/50mg,Tablet,120,62,1549.54,24.99,0.21,ABBVIE Ludwigshafen Germany,No,Weight Captured Separately,Freight Included in Commodity Cost,1.92
74602,161-ZA-T30,FPQ-6262,SCMS-83910,ASN-9171,South Africa,PMO - US,Direct Drop,DDP,Ocean,8/31/2010,9/28/2010,14-Feb-11,14-Feb-11,14-Feb-11,ARV,Adult,CIPLA LIMITED,"Nevirapine 200mg, tablets, 60 Tabs",Nevirapine,Generic,200mg,Tablet,60,158000,440820.0,2.79,0.05,"Cipla, Goa, India",Yes,16768,23721.9,950.41
11515,100-ZW-T01,Pre-PQ Process,SO-712,DN-623,Zimbabwe,PMO - US,From RDC,N/A - From RDC,Air,Pre-PQ Process,N/A - From RDC,5-Mar-08,5-Mar-08,5-Mar-08,ARV,Adult,SCMS from RDC,"Lamivudine/Stavudine 150/30mg, tablets, 30 Tabs",Lamivudine/Stavudine,Generic,150/30mg,Tablet - FDC,30,1600,3200.0,2.0,0.07,"Cipla, Goa, India",No,See DN-623 (ID#:10925),See DN-623 (ID#:10925),5.12
30256,108-VN-T30,FPQ-5317,SCMS-69520,ASN-7485,Vietnam,PMO - US,Direct Drop,EXW,Air,3/22/2010,3/29/2010,3-Aug-10,3-Aug-10,3-Aug-10,ARV,Adult,STRIDES ARCOLAB LIMITED,"Nevirapine 200mg, tablets, 60 Tabs",Nevirapine,Generic,200mg,Tablet,60,4065,10569.0,2.6,0.04,"Strides, Bangalore, India.",Yes,497,6269.65,22.79
11270,114-UG-T01,Pre-PQ Process,SO-2344,DN-818,Uganda,PMO - US,From RDC,N/A - From RDC,Air,Pre-PQ Process,N/A - From RDC,21-Aug-08,21-Aug-08,21-Aug-08,ARV,Adult,SCMS from RDC,"Lamivudine/Zidovudine 150/300mg, tablets, 60 Tabs",Lamivudine/Zidovudine,Generic,150/300mg,Tablet - FDC,60,1350,12757.5,9.45,0.16,"Aurobindo Unit III, India",Yes,239,1277.22,20.41
11012,106-HT-T01,Pre-PQ Process,SO-15930,DN-944,Haiti,PMO - US,From RDC,N/A - From RDC,Air,Pre-PQ Process,N/A - From RDC,4-Nov-08,4-Nov-08,4-Nov-08,ARV,Adult,SCMS from RDC,"Stavudine 15mg, capsules, 60 Caps",Stavudine,Generic,15mg,Capsule,60,1000,1500.0,1.5,0.02,"Aurobindo Unit III, India",Yes,10435,121330.06,2.94
85635,106-HT-T30,FPQ-4469,SO-34240,DN-1530,Haiti,PMO - US,From RDC,N/A - From RDC,Air,9/23/2009,N/A - From RDC,30-Nov-09,30-Nov-09,30-Nov-09,ARV,Pediatric,SCMS from RDC,"Efavirenz 200mg, capsule, 90 Caps",Efavirenz,Generic,200mg,Capsule,90,735,8908.2,12.12,0.13,"Aurobindo Unit III, India",No,See DN-1530 (ID#:83964),See DN-1530 (ID#:83964),19.21
85462,110-ZM-T30,FPQ-13221,SO-47201,DN-3648,Zambia,PMO - US,From RDC,N/A - From RDC,Truck,10/31/2013,N/A - From RDC,6-May-14,19-May-14,12-Jun-14,ARV,Adult,SCMS from RDC,"Lamivudine/Tenofovir Disoproxil Fumarate 300/300mg, tablets, 30 Tabs",Lamivudine/Tenofovir Disoproxil Fumarate,Generic,300/300mg,Tablet - FDC,30,123856,574691.84,4.64,0.15,Hetero Unit III Hyderabad IN,No,See DN-3648 (ID#:84360),See DN-3648 (ID#:84360),590.78
86670,111-MZ-T30,FPQ-13123,SO-47084,DN-3627,Mozambique,PMO - US,From RDC,N/A - From RDC,Truck,10/21/2013,N/A - From RDC,3-Jun-14,3-Jun-14,11-Jun-14,ARV,Adult,SCMS from RDC,"Tenofovir Disoproxil Fumarate 300mg, tablets, 30 Tabs",Tenofovir Disoproxil Fumarate,Generic,300mg,Tablet,30,640,2419.2,3.78,0.13,Hetero Unit III Hyderabad IN,No,See DN-3627 (ID#:83782),See DN-3627 (ID#:83782),2.49
46556,116-ZA-T30,FPQ-15269,SCMS-267020,ASN-29764,South Africa,PMO - US,Direct Drop,DDP,Truck,10/29/2014,12/10/2014,10-Dec-14,10-Dec-14,10-Dec-14,ARV,Pediatric,S. BUYS WHOLESALER,"Lopinavir/Ritonavir 100/25mg [Aluvia], tablets, 60 Tabs",Lopinavir/Ritonavir,Generic,100/25mg,Tablet,60,2,10.34,5.17,0.09,ABBVIE Ludwigshafen Germany,No,Weight Captured Separately,Freight Included in Commodity Cost,0.01
76318,108-VN-T30,FPQ-12539,SCMS-199770,ASN-22687,Vietnam,PMO - US,Direct Drop,EXW,Air,7/11/2013,7/25/2013,13-Dec-13,13-Dec-13,13-Dec-13,ARV,Adult,MICRO LABS LIMITED,"Lamivudine 150mg, tablets, 60 Tabs",Lamivudine,Generic,150mg,Tablet,60,6493,11492.61,1.77,0.03,"Micro labs, Verna, Goa, India",Yes,301,1457.92,14.22
86444,105-GY-T30,FPQ-8620,SO-41000,DN-2503,Guyana,PMO - US,From RDC,N/A - From RDC,Air,10/27/2011,N/A - From RDC,30-Mar-12,4-Feb-12,4-Feb-12,ARV,Adult,SCMS from RDC,"Stavudine 15mg, capsules, 60 Caps",Stavudine,Generic,15mg,Capsule,60,12,15.84,1.32,0.02,"Aurobindo Unit III, India",No,See DN-2503 (ID#:83007),See DN-2503 (ID#:83007),0.02
85126,151-NG-T30,FPQ-5023,SO-36444,DN-1902,Nigeria,PMO - US,From RDC,N/A - From RDC,Air,2/10/2010,N/A - From RDC,15-Jul-10,28-Jun-10,28-Jun-10,ARV,Adult,SCMS from RDC,"Efavirenz 600mg, tablets, 30 Tabs",Efavirenz,Generic,600mg,Tablet,30,5000,23000.0,4.6,0.15,"Aurobindo Unit III, India",Yes,428,Freight Included in Commodity Cost,49.59
37489,116-ZA-T30,FPQ-3560,SCMS-49640,ASN-5441,South Africa,PMO - US,Direct Drop,DDP,Truck,5/7/2009,7/21/2009,30-Sep-09,30-Sep-09,30-Sep-09,ARV,Adult,S. BUYS WHOLESALER,"Efavirenz 600mg, tablets, 30 Tabs",Efavirenz,Generic,600mg,Tablet,30,2285,40375.94,17.67,0.59,"Cipla, Goa, India",Yes,Weight Captured Separately,Freight Included in Commodity Cost,79.14
36922,116-ZA-T30,FPQ-12522,SCMS-199289,ASN-28037,South Africa,PMO - US,Direct Drop,DDP,Truck,7/11/2013,8/29/2014,29-Aug-14,29-Aug-14,29-Aug-14,ARV,Adult,S. BUYS WHOLESALER,"Lopinavir/Ritonavir 200/50mg [Aluvia], tablets, 120 Tabs",Lopinavir/Ritonavir,Aluvia,200/50mg,Tablet,120,87,2241.1,25.76,0.21,ABBVIE Ludwigshafen Germany,No,Weight Captured Separately,Freight Included in Commodity Cost,2.77
83644,104-CI-T30,FPQ-9749,SO-42370,DN-2970,Côte d'Ivoire,PMO - US,From RDC,N/A - From RDC,Truck,4/19/2012,N/A - From RDC,31-Jan-13,25-Jan-12,25-Jan-13,ARV,Adult,SCMS from RDC,"Lamivudine/Nevirapine/Zidovudine 150/200/300mg, tablets, 60 Tabs",Lamivudine/Nevirapine/Zidovudine,Generic,150/300/200mg,Tablet - FDC,60,9577,92130.74,9.62,0.16,"Aurobindo Unit III, India",Yes,6889,24138.35,129.17
85092,106-HT-T30,FPQ-4384,SO-35920,DN-1667,Haiti,PMO - US,From RDC,N/A - From RDC,Air,10/23/2009,N/A - From RDC,10-Mar-10,3-Mar-10,3-Mar-10,ARV,Adult,SCMS from RDC,"Stavudine 30mg, capsules, 60 Caps",Stavudine,Generic,30mg,Capsule,60,2610,3680.1,1.41,0.02,"Aurobindo Unit III, India",No,See DN-1667 (ID#:82861),See DN-1667 (ID#:82861),7.93
82468,102-BI-T30,FPQ-9229,SO-41532,DN-2637,Burundi,PMO - US,From RDC,N/A - From RDC,Air,1/25/2012,N/A - From RDC,26-Apr-12,30-Apr-12,30-Apr-12,ARV,Adult,SCMS from RDC,"Abacavir 300mg, tablets, 60 Tabs",Abacavir,Generic,300mg,Tablet,60,350,4602.5,13.15,0.22,Mylan (formerly Matrix) Nashik,Yes,36,1188.75,6.45
4045,109-TZ-T01,Pre-PQ Process,SCMS-10340,ASN-2700,Tanzania,PMO - US,Direct Drop,EXW,Air,Pre-PQ Process,9/17/2008,19-Nov-08,19-Nov-08,19-Nov-08,HRDT,HIV test,"Standard Diagnostics, Inc.","HIV 1/2, Bioline 3.0 Kit, Lancets, Capillary pipets, Alcohol swabs included, 25 Tests","HIV 1/2, Bioline 3.0 Kit, Lancets, Capillary pipets, Alcohol swabs included",Bioline,,Test kit,25,10000,200000.0,20.0,0.8,"Standard Diagnostics, Korea",Yes,3112,22856.02,392.0
11420,104-CI-T01,Pre-PQ Process,SO-522,DN-240,Côte d'Ivoire,PMO - US,From RDC,N/A - From RDC,,Pre-PQ Process,N/A - From RDC,16-Jul-07,16-Jul-07,16-Jul-07,ARV,Adult,SCMS from RDC,"Saquinavir 200mg [Invirase], capsules, 270 Caps",Saquinavir,Invirase,200mg,Capsule,270,575,45218.0,78.64,0.29,Roche Basel,No,See DN-240 (ID#:10847),See DN-240 (ID#:10847),72.35
86003,107-RW-T30,FPQ-12766,SO-46470,DN-3351,Rwanda,PMO - US,From RDC,N/A - From RDC,Air,8/2/2013,N/A - From RDC,31-Oct-13,24-Oct-13,19-Nov-13,ARV,Adult,SCMS from RDC,"Abacavir/Lamivudine 600/300mg, scored tablets, 30 Tabs",Abacavir/Lamivudine,Generic,600/300mg,Tablet - FDC,30,3316,44832.32,13.52,0.45,Mylan (formerly Matrix) Nashik,Yes,292,2593.56,55.46
51775,108-VN-T30,FPQ-13034,SCMS-210040,ASN-24696,Vietnam,PMO - US,Direct Drop,FCA,Air,10/4/2013,10/10/2013,7-Apr-14,7-Apr-14,7-Apr-14,ARV,Adult,ABBVIE LOGISTICS (FORMERLY ABBOTT LOGISTICS BV),"Lopinavir/Ritonavir 200/50mg [Aluvia], tablets, 120 Tabs",Lopinavir/Ritonavir,Aluvia,200/50mg,Tablet,120,7031,427625.42,60.82,0.51,ABBVIE Ludwigshafen Germany,Yes,1720,5324.08,528.97
40555,109-TZ-T30,FPQ-5174,SCMS-66910,ASN-6721,Tanzania,PMO - US,Direct Drop,FCA,Air,3/1/2010,3/12/2010,11-Jun-10,4-Jun-10,4-Jun-10,ARV,Adult,ABBVIE LOGISTICS (FORMERLY ABBOTT LOGISTICS BV),"Lopinavir/Ritonavir 200/50mg [Aluvia], tablets, 120 Tabs",Lopinavir/Ritonavir,Aluvia,200/50mg,Tablet,120,2855,103236.8,36.16,0.3,ABBVIE Ludwigshafen Germany,Yes,Weight Captured Separately,Invoiced Separately,222.58
10246,108-VN-T01,Pre-PQ Process,SCMS-31731,ASN-3455,Vietnam,PMO - US,Direct Drop,EXW,Air,Pre-PQ Process,10/21/2008,10-Mar-09,10-Mar-09,10-Mar-09,ARV,Adult,Aurobindo Pharma Limited,"Lamivudine/Zidovudine 150/300mg, tablets, 60 Tabs",Lamivudine/Zidovudine,Generic,150/300mg,Tablet - FDC,60,1176,10125.36,8.61,0.14,"Aurobindo Unit III, India",Yes,105,865.6,19.85
6546,108-VN-T01,Pre-PQ Process,SCMS-46550,ASN-4488,Vietnam,PMO - US,Direct Drop,CIP,Air,Pre-PQ Process,5/27/2009,28-Jul-09,28-Jul-09,28-Jul-09,ARV,Pediatric,BRISTOL-MYERS SQUIBB,"Didanosine 25mg [Videx], chewable tablets, 60 Tabs",Didanosine,Videx,25mg,Chewable/dispersible tablet,60,320,2240.0,7.0,0.12,"BMS Meymac, France",No,See ASN-4488 (ID#:1213),See ASN-4488 (ID#:1213),4.39
48236,116-ZA-T30,FPQ-12522,SCMS-199283,ASN-27979,South Africa,PMO - US,Direct Drop,DDP,Truck,7/11/2013,8/27/2014,27-Aug-14,27-Aug-14,27-Aug-14,ARV,Pediatric,S. BUYS WHOLESALER,"Abacavir 20mg/ml, oral solution w/syringe, Bottle, 240 ml",Abacavir,Generic,20mg/ml,Oral solution,240,36,987.14,27.42,0.11,"Aurobindo Unit III, India",No,Weight Captured Separately,Freight Included in Commodity Cost,1.22
86257,104-CI-T30,FPQ-3964,SO-34521,DN-1620,Côte d'Ivoire,PMO - US,From RDC,N/A - From RDC,Air,7/24/2009,N/A - From RDC,8-Feb-10,23-Jan-10,23-Jan-10,ARV,Adult,SCMS from RDC,"Lamivudine/Nevirapine/Zidovudine 150/200/300mg, tablets, 60 Tabs",Lamivudine/Nevirapine/Zidovudine,Generic,150/300/200mg,Tablet - FDC,60,35000,392700.0,11.22,0.19,"Aurobindo Unit III, India",No,See DN-1620 (ID#:83974),See DN-1620 (ID#:83974),769.69
11894,113-ZW-T01,Pre-PQ Process,SO-1922,DN-644,Zimbabwe,PMO - US,From RDC,N/A - From RDC,Truck,Pre-PQ Process,N/A - From RDC,12-Mar-08,12-Mar-08,12-Mar-08,ARV,Adult,SCMS from RDC,"Zidovudine 300mg, tablets, 60 Tabs",Zidovudine,Generic,300mg,Tablet,60,525,4278.75,8.15,0.14,"Aurobindo Unit III, India",Yes,395,1746.3,6.85
84592,104-CI-T30,FPQ-5623,SO-36880,DN-2011,Côte d'Ivoire,PMO - US,From RDC,N/A - From RDC,Air,5/7/2010,N/A - From RDC,30-Sep-10,25-Sep-10,25-Sep-10,ARV,Adult,SCMS from RDC,"Stavudine 20mg, capsules, 60 Caps",Stavudine,Generic,20mg,Capsule,60,540,772.2,1.43,0.02,"Aurobindo Unit III, India",No,See DN-2011 (ID#:82350),See DN-2011 (ID#:82350),1.66
16291,105-DO-T30,FPQ-7858,SCMS-117400,ASN-12550,Dominican Republic,PMO - US,Direct Drop,EXW,Air,6/21/2011,8/4/2011,27-Oct-11,27-Oct-11,27-Oct-11,HRDT,HIV test,"Orgenics, Ltd","HIV 1/2, Determine Complete HIV Kit, 100 Tests","HIV 1/2, Determine Complete HIV Kit",Determine,,Test kit,100,2772,255024.0,92.0,0.92,Inverness Japan,Yes,Weight Captured Separately,Invoiced Separately,420.79
12772,104-CI-T01,Pre-PQ Process,SO-1679,DN-581,Côte d'Ivoire,PMO - US,From RDC,N/A - From RDC,Air,Pre-PQ Process,N/A - From RDC,5-Feb-08,5-Feb-08,5-Feb-08,ARV,Adult,SCMS from RDC,"Abacavir 300mg, tablets, 60 Tabs",Abacavir,Generic,300mg,Tablet,60,5836,160665.08,27.53,0.46,"Aurobindo Unit III, India",No,See DN-581 (ID#:10667),See DN-581 (ID#:10667),257.06
76914,104-CI-T30,FPQ-8929,SCMS-131870,ASN-14307,Côte d'Ivoire,PMO - US,Direct Drop,EXW,Air,12/8/2011,1/17/2012,10-Apr-12,10-Apr-12,10-Apr-12,HRDT,HIV test,"CHEMBIO DIAGNOSTIC SYSTEMS, INC.","HIV 1/2, Stat-Pak HIV, Kit, 20 Tests","HIV 1/2, Stat-Pak HIV, Kit",Stat-Pak,,Test kit,20,1593,46197.0,29.0,1.45,Chembio Diagnostics Sys. Inc.,Yes,624,6311.89,64.77
11523,112-NG-T01,Pre-PQ Process,SO-1430,DN-551,Nigeria,PMO - US,From RDC,N/A - From RDC,Air,Pre-PQ Process,N/A - From RDC,16-Jan-08,16-Jan-08,16-Jan-08,ARV,Pediatric,SCMS from RDC,"Nevirapine 10mg/ml, oral suspension, Bottle, 240 ml",Nevirapine,Generic,10mg/ml,Oral suspension,240,792,4910.4,6.2,0.03,"Aurobindo Unit III, India",Yes,272,2047,7.86
4647,117-ET-T01,Pre-PQ Process,SCMS-28690,ASN-2839,Ethiopia,PMO - US,Direct Drop,EXW,Air,Pre-PQ Process,8/22/2008,17-Nov-08,17-Nov-08,17-Nov-08,HRDT,HIV test,"SHANGHAI KEHUA BIOENGINEERING CO.,LTD.  (KHB)","HIV 1/2, SKB Colloidal Gold, Diagnostic Kit, Antibody, 50 Tests","HIV 1/2, Colloidal Gold, Diagnostic Kit, Antibody",Colloidal Gold,,Test kit,1,7002,161046.0,23.0,23.0,"KHB Test Kit Facility, Shanghai China",Yes,4922,46117.09,315.65
83102,101-CD-T30,FPQ-11054,SO-43680,DN-2981,"Congo, DRC",PMO - US,From RDC,N/A - From RDC,Air,11/16/2012,N/A - From RDC,11-Sep-13,11-Sep-13,11-Sep-13,ARV,Adult,SCMS from RDC,"Efavirenz 600mg, tablets, 30 Tabs",Efavirenz,Generic,600mg,Tablet,30,568,2022.08,3.56,0.12,"Strides, Bangalore, India.",No,See DN-2981 (ID#:82538),See DN-2981 (ID#:82538),2.5
85832,151-NG-T30,FPQ-8364,SO-40650,DN-2559,Nigeria,PMO - US,From RDC,N/A - From RDC,Air Charter,8/29/2011,N/A - From RDC,2-Mar-12,16-Feb-12,16-Feb-12,ARV,Adult,SCMS from RDC,"Nevirapine 200mg, tablets, 60 Tabs",Nevirapine,Generic,200mg,Tablet,60,51355,125819.75,2.45,0.04,"Aurobindo Unit III, India",Yes,6436,25231.96,207.6
4722,119-NA-T01,Pre-PQ Process,SCMS-30720,ASN-2586,Namibia,PMO - US,Direct Drop,EXW,Air,Pre-PQ Process,9/19/2008,8-Oct-08,8-Oct-08,8-Oct-08,HRDT,HIV test,"Trinity Biotech, Plc","HIV 1/2, Uni-Gold HIV Kit, 20 Tests","HIV 1/2, Uni-Gold HIV Kit",Uni-Gold,,Test kit,20,650,20800.0,32.0,1.6,"Trinity Biotech, Plc",Yes,220,7078.9,33.28
83080,107-RW-T30,FPQ-9888,SO-42140,DN-2853,Rwanda,PMO - US,From RDC,N/A - From RDC,Air,5/11/2012,N/A - From RDC,26-Oct-12,26-Oct-12,26-Oct-12,ARV,Adult,SCMS from RDC,"Lopinavir/Ritonavir 200/50mg, tablets, 120 Tabs",Lopinavir/Ritonavir,Generic,200/50mg,Tablet,120,16515,490165.2,29.68,0.25,"Aurobindo Unit III, India",Yes,3991,13380.52,687.21
37152,114-UG-T30,FPQ-4320,SCMS-58160,ASN-5935,Uganda,PMO - US,Direct Drop,EXW,Air,11/16/2009,11/25/2009,2-Feb-10,2-Feb-10,2-Feb-10,ARV,Pediatric,EMCURE PHARMACEUTICALS LTD,"Atazanavir 150mg, capsules, 60 Caps",Atazanavir,Generic,150mg,Capsule,60,240,6261.6,26.09,0.43,"Emcure Plot No.P-2, I.T-B.T. Park, Phase II, MIDC, Hinjwadi, Pune, India",Yes,25,915.09,12.27
70260,116-ZA-T30,FPQ-4770,SCMS-60170,ASN-5933,South Africa,PMO - US,Direct Drop,DDP,Truck,12/17/2009,12/23/2009,29-Dec-09,29-Dec-09,29-Dec-09,ARV,Adult,S. BUYS WHOLESALER,"Abacavir 300mg [Ziagen], tablets, Blister 6 x 10 Tabs",Abacavir,Ziagen,300mg,Tablet - blister,60,40,1607.43,40.19,0.67,GSK Ware (UK),No,Weight Captured Separately,Freight Included in Commodity Cost,3.47
54957,108-VN-T30,FPQ-13976,SCMS-235630,ASN-28049,Vietnam,PMO - US,Direct Drop,FCA,Air,4/8/2014,4/30/2014,7-Oct-14,7-Oct-14,8-Oct-14,ARV,Adult,ABBVIE LOGISTICS (FORMERLY ABBOTT LOGISTICS BV),"Ritonavir 100mg [Norvir], film coated tablets, 30 Tabs",Ritonavir,Norvir,100mg,Tablet,30,100,2326.0,23.26,0.78,ABBVIE Ludwigshafen Germany,Yes,Weight Captured Separately,Invoiced Separately,2.39
84599,104-CI-T30,FPQ-5925,SO-37150,DN-2035,Côte d'Ivoire,PMO - US,From RDC,N/A - From RDC,Truck,6/23/2010,N/A - From RDC,30-Nov-10,26-Nov-10,26-Nov-10,ARV,Adult,SCMS from RDC,"Stavudine 20mg, capsules, 60 Caps",Stavudine,Generic,20mg,Capsule,60,2551,3647.93,1.43,0.02,"Aurobindo Unit III, India",No,See DN-2035 (ID#:82356),See DN-2035 (ID#:82356),7.86
47212,114-UG-T30,FPQ-14407,SCMS-244420,ASN-29216,Uganda,PMO - US,Direct Drop,FCA,Air,6/11/2014,6/23/2014,14-Nov-14,14-Nov-14,16-Nov-14,ARV,Pediatric,ABBVIE LOGISTICS (FORMERLY ABBOTT LOGISTICS BV),"Lopinavir/Ritonavir 80/20mg/ml [Kaletra], oral solution, cool, Bottle 5 x 60 ml",Lopinavir/Ritonavir,Kaletra,80/20mg/ml,Oral solution,300,80,2465.6,30.82,0.1,ABBVIE (Abbott) Logis. UK,Yes,136,2077.87,2.53
67501,117-ET-T30,FPQ-7065,SCMS-98701,ASN-11156,Ethiopia,PMO - US,Direct Drop,EXW,Air,1/26/2011,2/15/2011,28-Jun-11,28-Jun-11,28-Jun-11,ARV,Adult,Aurobindo Pharma Limited,"Lopinavir/Ritonavir 200/50mg, tablets, 120 Tabs",Lopinavir/Ritonavir,Generic,200/50mg,Tablet,120,14498,487132.8,33.6,0.28,"Aurobindo Unit III, India",Yes,3685,16359.2,803.77
12611,110-ZM-T01,Pre-PQ Process,SO-32850,DN-1432,Zambia,PMO - US,From RDC,N/A - From RDC,Truck,Date Not Captured,N/A - From RDC,2-Oct-09,2-Oct-09,2-Oct-09,ARV,Adult,SCMS from RDC,"Lamivudine/Zidovudine 150/300mg, tablets, 60 Tabs",Lamivudine/Zidovudine,Generic,150/300mg,Tablet - FDC,60,111538,977072.88,8.76,0.15,"Aurobindo Unit III, India",No,See DN-1432 (ID#:12320),See DN-1432 (ID#:12320),1915.06
9033,116-ZA-T01,Pre-PQ Process,SCMS-41080,ASN-3637,South Africa,PMO - US,Direct Drop,DDP,Air,Pre-PQ Process,Date Not Captured,26-May-09,22-Jan-09,22-Jan-09,ARV,Pediatric,S. BUYS WHOLESALER,"Lamivudine 10mg/ml, oral solution, Bottle, 240 ml",Lamivudine,Generic,10mg/ml,Oral solution,240,1500,5445.0,3.63,0.02,"Aurobindo Unit III, India",No,Weight Captured Separately,Freight Included in Commodity Cost,10.67
5365,100-HT-T01,Pre-PQ Process,SCMS-10080,ASN-664,Haiti,PMO - US,Direct Drop,EXW,Air,Pre-PQ Process,7/26/2007,13-Aug-07,13-Aug-07,13-Aug-07,HRDT,HIV test - Ancillary,"Orgenics, Ltd","HIV, Lancet, Safety, for HIV Test kits, 100 Pcs","HIV, Lancet, Safety, for HIV Test kits, 100 Pcs",Generic,,Test kit - Ancillary,100,450,4.5,0.01,0.0,Inverness Japan,Yes,Weight Captured Separately,Invoiced Separately,0.01
31254,107-RW-T30,FPQ-13852,SCMS-236480,ASN-27662,Rwanda,PMO - US,Direct Drop,FCA,Air,3/19/2014,4/24/2014,22-Aug-14,22-Aug-14,26-Aug-14,ARV,Adult,ABBVIE LOGISTICS (FORMERLY ABBOTT LOGISTICS BV),"Ritonavir 100mg [Norvir], film coated tablets, 60 Tabs",Ritonavir,Norvir,100mg,Tablet,60,3500,23975.0,6.85,0.11,ABBVIE Ludwigshafen Germany,Yes,442,6776.8,24.65
85920,111-MZ-T30,FPQ-10211,SO-42870,DN-2966,Mozambique,PMO - US,From RDC,N/A - From RDC,Truck,6/28/2012,N/A - From RDC,31-Jan-13,11-Jan-13,11-Jan-13,ARV,Adult,SCMS from RDC,"Lamivudine/Nevirapine/Zidovudine 150/200/300mg, tablets, 60 Tabs",Lamivudine/Nevirapine/Zidovudine,Generic,150/300/200mg,Tablet - FDC,60,67271,647147.02,9.62,0.16,"Aurobindo Unit III, India",Yes,7899,7433.01,907.3
41431,106-HT-T30,FPQ-14895,SCMS-261700,ASN-30811,Haiti,PMO - US,Direct Drop,EXW,Air,9/24/2014,11/14/2014,26-Mar-15,26-Mar-15,30-Mar-15,ARV,Adult,HETERO LABS LIMITED,"Zidovudine 300mg, tablets, 60 Tabs",Zidovudine,Generic,300mg,Tablet,60,990,5445.0,5.5,0.09,Hetero Unit III Hyderabad IN,Yes,69,694.54,5.6
12506,104-CI-T01,Pre-PQ Process,SO-1307,DN-626,Côte d'Ivoire,PMO - US,From RDC,N/A - From RDC,Air,Pre-PQ Process,N/A - From RDC,27-Feb-08,27-Feb-08,27-Feb-08,ARV,Adult,SCMS from RDC,"Nevirapine 200mg, tablets, 60 Tabs",Nevirapine,Generic,200mg,Tablet,60,17621,59911.4,3.4,0.06,"Aurobindo Unit III, India",Yes,1650,3428.5,95.86
82698,151-NG-T30,FPQ-14156,SO-48901,DN-3807,Nigeria,PMO - US,From RDC,N/A - From RDC,Air Charter,4/25/2014,N/A - From RDC,31-Oct-14,20-Jun-14,25-Jun-14,ARV,Adult,SCMS from RDC,"Lamivudine/Tenofovir Disoproxil Fumarate 300/300mg, tablets, 30 Tabs",Lamivudine/Tenofovir Disoproxil Fumarate,Generic,300/300mg,Tablet - FDC,30,5000,23200.0,4.64,0.15,"Cipla, Kurkumbh, India",Yes,1447,28812.57,23.85
61186,116-ZA-T30,FPQ-14942,SCMS-259079,ASN-33852,South Africa,PMO - US,Direct Drop,DDP,Truck,9/11/2014,10/9/2014,24-Aug-15,24-Aug-15,24-Aug-15,ARV,Adult,PHARMACY DIRECT,"Emtricitabine/Tenofovir Disoproxil Fumarate 200/300mg, tablets, 30 Tabs",Emtricitabine/Tenofovir Disoproxil Fumarate,Generic,200/300mg,Tablet - FDC,30,10,234.38,23.44,0.78,"Aurobindo Unit III, India",No,Weight Captured Separately,Freight Included in Commodity Cost,0.24
1084,116-ZA-T01,Pre-PQ Process,SCMS-41581,ASN-4196,South Africa,PMO - US,Direct Drop,DDP,Air,Pre-PQ Process,3/27/2009,25-Jun-09,14-Apr-09,14-Apr-09,ARV,Adult,S. BUYS WHOLESALER,"Lopinavir/Ritonavir 200/50mg [Aluvia], tablets, 120 Tabs",Lopinavir/Ritonavir,Aluvia,200/50mg,Tablet,120,3735,134385.3,35.98,0.3,ABBVIE Ludwigshafen Germany,Yes,Weight Captured Separately,Freight Included in Commodity Cost,263.4
83189,151-NG-T30,FPQ-12248,SO-47222,DN-3437,Nigeria,PMO - US,From RDC,N/A - From RDC,Air Charter,5/6/2013,N/A - From RDC,18-Nov-13,26-Nov-13,5-Dec-13,ARV,Adult,SCMS from RDC,"Lamivudine/Nevirapine/Zidovudine 150/200/300mg, tablets, 60 Tabs",Lamivudine/Nevirapine/Zidovudine,Generic,150/300/200mg,Tablet - FDC,60,961,8245.38,8.58,0.14,"Aurobindo Unit III, India",No,See DN-3437 (ID#:83188),See DN-3437 (ID#:83188),10.2
12421,110-ZM-T01,Pre-PQ Process,SO-572,DN-388,Zambia,PMO - US,From RDC,N/A - From RDC,,Pre-PQ Process,N/A - From RDC,9-Nov-07,9-Nov-07,9-Nov-07,ARV,Adult,SCMS from RDC,"Efavirenz 600mg, tablets, 30 Tabs",Efavirenz,Generic,600mg,Tablet,30,11254,182990.04,16.26,0.54,"Aurobindo Unit III, India",No,See DN-388 (ID#:11188),See DN-388 (ID#:11188),292.78
85561,151-NG-T30,FPQ-14156,SO-48890,DN-4121,Nigeria,PMO - US,From RDC,N/A - From RDC,Air Charter,4/25/2014,N/A - From RDC,2-Mar-15,5-Feb-15,10-Feb-15,ARV,Adult,SCMS from RDC,"Lamivudine/Nevirapine/Zidovudine 150/200/300mg, tablets, 60 Tabs",Lamivudine/Nevirapine/Zidovudine,Generic,150/300/200mg,Tablet - FDC,60,213502,1648235.44,7.72,0.13,"Cipla, Goa, India",Yes,31271,62693.85,1694.39
84159,107-RW-T30,FPQ-9442,SO-41740,DN-2619,Rwanda,PMO - US,From RDC,N/A - From RDC,Air,3/1/2012,N/A - From RDC,9-Apr-12,29-Mar-12,29-Mar-12,ARV,Pediatric,SCMS from RDC,"Abacavir 20mg/ml, oral solution w/syringe, Bottle, 240 ml",Abacavir,Generic,20mg/ml,Oral solution,240,1489,18612.5,12.5,0.05,"Aurobindo Unit III, India",Yes,557,5044.26,26.09
37835,107-RW-T30,FPQ-12518,SCMS-198220,ASN-21423,Rwanda,PMO - US,Direct Drop,EXW,Air,6/21/2013,8/9/2013,20-Sep-13,20-Sep-13,20-Sep-13,HRDT,HIV test,"SHANGHAI KEHUA BIOENGINEERING CO.,LTD.  (KHB)","HIV 1/2, SKB Colloidal Gold, Diagnostic Kit, Antibody, 50 Tests","HIV 1/2, Colloidal Gold, Diagnostic Kit, Antibody",Colloidal Gold,,Test kit,1,28000,686000.0,24.5,24.5,"KHB Test Kit Facility, Shanghai China",Yes,18667,289653.2,848.58
47050,111-MZ-T30,FPQ-8116,SCMS-118360,ASN-12611,Mozambique,PMO - US,Direct Drop,EXW,Air,8/4/2011,8/24/2011,12-Dec-11,12-Dec-11,12-Dec-11,HRDT,HIV test,"Orgenics, Ltd","HIV 1/2, Determine HIV Kit, without Lancets, 100 Tests","HIV 1/2, Determine HIV Kit, without Lancets",Determine,,Test kit,100,7587,589509.9,77.7,0.78,Inverness Japan,Yes,1306,26532.85,972.69
9089,106-HT-T01,Pre-PQ Process,SCMS-42690,ASN-4799,Haiti,PMO - US,Direct Drop,EXW,Air,Pre-PQ Process,4/2/2009,31-Aug-09,31-Aug-09,31-Aug-09,HRDT,HIV test,"Trinity Biotech, Plc","HIV 1/2, Capillus HIV Kit, 100 Tests","HIV 1/2, Capillus HIV Kit",Capillus,,Test kit,100,150,20850.0,139.0,1.39,"Trinity Biotech, Plc",Yes,113,2486.15,40.87
83711,101-CD-T30,FPQ-12088,SO-45030,DN-3269,"Congo, DRC",PMO - US,From RDC,N/A - From RDC,Air,4/12/2013,N/A - From RDC,28-Aug-13,8-Feb-14,11-Mar-14,ARV,Adult,SCMS from RDC,"Lamivudine/Zidovudine 150/300mg, tablets, 60 Tabs",Lamivudine/Zidovudine,Generic,150/300mg,Tablet - FDC,60,864,6048.0,7.0,0.12,Hetero Unit III Hyderabad IN,Yes,758,20499.33,7.48
22698,105-GY-T30,FPQ-3837,SCMS-47960,ASN-4606,Guyana,PMO - US,Direct Drop,EXW,Air,6/8/2009,6/29/2009,17-Aug-09,17-Aug-09,17-Aug-09,ARV,Adult,"PUETRO RICO PHARMACEUTICAL, INC.","Emtricitabine/Tenofovir Disoproxil Fumarate 200/300mg [Truvada], tablets, 30 Tabs",Emtricitabine/Tenofovir Disoproxil Fumarate,Truvada,300/200mg,Tablet - FDC,30,4900,147931.0,30.19,1.01,Gilead(Nycomed) Oranienburg DE,Yes,390,2748.16,289.94
9040,116-ZA-T01,Pre-PQ Process,SCMS-41190,ASN-3732,South Africa,PMO - US,Direct Drop,DDP,Air,Pre-PQ Process,Date Not Captured,30-Mar-09,21-Jan-09,21-Jan-09,ARV,Pediatric,S. BUYS WHOLESALER,"Zidovudine 10mg/ml [Retrovir], oral solution, Bottle, 200 ml",Zidovudine,Retrovir,10mg/ml,Oral solution,200,140,833.0,5.95,0.03,GSK Mississauga (Canada),No,Weight Captured Separately,Freight Included in Commodity Cost,1.63
78087,103-CM-T30,FPQ-8396,SCMS-122250,ASN-12401,Cameroon,PMO - US,Direct Drop,EXW,Air,9/13/2011,9/21/2011,28-Oct-11,28-Oct-11,28-Oct-11,HRDT,HIV test,Orasure Technologies Inc.,"HIV 1/2, OraQuick Advance HIV Rapid Antibody Kit, 100 Tests","HIV 1/2, OraQuick Advance HIV Rapid Antibody Kit",OraQuick,,Test kit,100,20,7000.0,350.0,3.5,"Pacific Biotech, Thailand",Yes,48,1222.56,11.55
39873,108-VN-T30,FPQ-13524,SCMS-226231,ASN-27131,Vietnam,PMO - US,Direct Drop,FCA,Air,2/6/2014,5/27/2014,16-Aug-14,16-Aug-14,25-Aug-14,ARV,Adult,ABBVIE LOGISTICS (FORMERLY ABBOTT LOGISTICS BV),"Lopinavir/Ritonavir 200/50mg [Aluvia], tablets, 120 Tabs",Lopinavir/Ritonavir,Aluvia,200/50mg,Tablet,120,5200,316264.0,60.82,0.51,ABBVIE Ludwigshafen Germany,Yes,1272,3824.06,325.12
83808,114-UG-T30,FPQ-12255,SO-45591,DN-3766,Uganda,PMO - US,From RDC,N/A - From RDC,Air,5/8/2013,N/A - From RDC,30-Jun-14,20-Jun-14,9-Jul-14,ARV,Adult,SCMS from RDC,"Lopinavir/Ritonavir 200/50mg [Aluvia], tablets, 120 Tabs",Lopinavir/Ritonavir,Aluvia,200/50mg,Tablet,120,84,1587.6,18.9,0.16,ABBVIE Ludwigshafen Germany,Yes,9014,892.92,1.96
42882,101-ZA-T30,FPQ-12932,SCMS-206100,ASN-24547,South Africa,PMO - US,Direct Drop,DDP,Truck,9/7/2013,9/19/2013,17-Feb-14,17-Feb-14,17-Feb-14,ARV,Adult,PHARMACY DIRECT,"Efavirenz 600mg, tablets, 30 Tabs",Efavirenz,Generic,600mg,Tablet,30,2500,37672.35,15.07,0.5,Hetero Unit III Hyderabad IN,Yes,Weight Captured Separately,Freight Included in Commodity Cost,46.6
12916,151-NG-T01,Pre-PQ Process,SO-27823,DN-1442,Nigeria,PMO - US,From RDC,N/A - From RDC,Air Charter,Date Not Captured,N/A - From RDC,20-Oct-09,20-Oct-09,20-Oct-09,ARV,Adult,SCMS from RDC,"Emtricitabine/Tenofovir Disoproxil Fumarate 200/300mg, tablets, 30 Tabs",Emtricitabine/Tenofovir Disoproxil Fumarate,Generic,200/300mg,Tablet - FDC,30,240,2820.0,11.75,0.39,Mylan (formerly Matrix) Nashik,Yes,22,9341.49,5.53
86625,113-ZW-T30,FPQ-10895,SO-43550,DN-3404,Zimbabwe,PMO - US,From RDC,N/A - From RDC,Truck,10/25/2012,N/A - From RDC,30-Nov-13,25-Nov-13,9-Dec-13,ARV,Adult,SCMS from RDC,"Efavirenz/Lamivudine/Tenofovir Disoproxil Fumarate 600/300/300mg, tablets, 30 Tabs",Efavirenz/Lamivudine/Tenofovir Disoproxil Fumarate,Generic,600/300/300mg,Tablet - FDC,30,20160,224784.0,11.15,0.37,Mylan (formerly Matrix) Nashik,Yes,2277,10942.88,278.06
80699,133-NG-T30,FPQ-10765,SCMS-162440,ASN-18602,Nigeria,PMO - US,Direct Drop,EXW,Air,10/5/2012,10/16/2012,9-Jan-13,20-Mar-13,20-Mar-13,HRDT,HIV test,"Orgenics, Ltd","HIV 1/2, Determine Complete HIV Kit, 100 Tests","HIV 1/2, Determine Complete HIV Kit",Determine,,Test kit,100,2933,261037.0,89.0,0.89,"Alere Medical Co., Ltd.",Yes,1271,26859.39,365.97
59715,101-CD-T30,FPQ-11103,SCMS-170640,ASN-18069,"Congo, DRC",PMO - US,Direct Drop,FCA,Air,12/7/2012,1/3/2013,16-Apr-13,16-Apr-13,16-Apr-13,ARV,Pediatric,ABBVIE LOGISTICS (FORMERLY ABBOTT LOGISTICS BV),"Lopinavir/Ritonavir 80/20mg/ml [Kaletra], oral solution, cool, Bottle 5 x 60 ml",Lopinavir/Ritonavir,Kaletra,80/20mg/ml,Oral solution,300,60,1849.2,30.82,0.1,ABBVIE (Abbott) Logis. UK,Yes,113,1421.86,2.29
86366,110-ZM-T30,FPQ-6222,SO-38590,DN-2115,Zambia,PMO - US,From RDC,N/A - From RDC,Air,8/20/2010,N/A - From RDC,28-Feb-11,16-Mar-11,16-Mar-11,ARV,Adult,SCMS from RDC,"Abacavir 300mg, tablets, 60 Tabs",Abacavir,Generic,300mg,Tablet,60,16200,251100.0,15.5,0.26,Mylan (formerly Matrix) Nashik,Yes,1583,8098.12,541.37
31116,108-VN-T30,FPQ-6818,SCMS-97853,ASN-11408,Vietnam,PMO - US,Direct Drop,EXW,Air,1/17/2011,2/15/2011,27-Jul-11,27-Jul-11,27-Jul-11,ARV,Adult,MYLAN LABORATORIES LTD (FORMERLY MATRIX LABORATORIES),"Lamivudine/Nevirapine/Zidovudine 150/200/300mg, tablets, 60 Tabs",Lamivudine/Nevirapine/Zidovudine,Generic,150/300/200mg,Tablet - FDC,60,18406,202466.0,11.0,0.18,Mylan (formerly Matrix) Nashik,Yes,2571,13880.57,334.07
12210,114-UG-T01,Pre-PQ Process,SO-2344,DN-818,Uganda,PMO - US,From RDC,N/A - From RDC,Air,Pre-PQ Process,N/A - From RDC,21-Aug-08,21-Aug-08,21-Aug-08,ARV,Adult,SCMS from RDC,"Efavirenz 600mg, tablets, 30 Tabs",Efavirenz,Generic,600mg,Tablet,30,1300,15613.0,12.01,0.4,"Aurobindo Unit III, India",No,See DN-818 (ID#:11270),See DN-818 (ID#:11270),24.98
12455,107-RW-T01,Pre-PQ Process,SO-1534,DN-590,Rwanda,PMO - US,From RDC,N/A - From RDC,Air,Pre-PQ Process,N/A - From RDC,29-Feb-08,29-Feb-08,29-Feb-08,ARV,Pediatric,SCMS from RDC,"Lamivudine 10mg/ml, oral solution, Bottle, 240 ml",Lamivudine,Generic,10mg/ml,Oral solution,240,2000,3940.0,1.97,0.01,"Aurobindo Unit III, India",No,See DN-590 (ID#:11517),See DN-590 (ID#:11517),6.3
85201,105-GY-T30,FPQ-8024,SO-40450,DN-2361,Guyana,PMO - US,From RDC,N/A - From RDC,Air,8/19/2011,N/A - From RDC,15-Dec-11,28-Sep-11,28-Sep-11,ARV,Pediatric,SCMS from RDC,"Nevirapine 10mg/ml, oral suspension w/syringe, Bottle, 240 ml",Nevirapine,Generic,10mg/ml,Oral suspension,240,659,1285.05,1.95,0.01,"Aurobindo Unit III, India",No,See DN-2361 (ID#:84673),See DN-2361 (ID#:84673),2.12
39182,161-ZA-T30,FPQ-7175,SCMS-103440,ASN-11439,South Africa,PMO - US,Direct Drop,DDP,Ocean,3/10/2011,3/24/2011,4-Oct-11,4-Oct-11,4-Oct-11,ARV,Adult,Aurobindo Pharma Limited,"Efavirenz 600mg, tablets, 30 Tabs",Efavirenz,Generic,600mg,Tablet,30,191011,861459.61,4.51,0.15,"Aurobindo Unit III, India",Yes,16234,14439.17,1421.41
6561,116-ZA-T01,Pre-PQ Process,SCMS-46970,ASN-4822,South Africa,PMO - US,Direct Drop,DDP,Truck,Pre-PQ Process,6/5/2009,28-Jul-09,5-Aug-09,5-Aug-09,ARV,Pediatric,S. BUYS WHOLESALER,"Lopinavir/Ritonavir 80/20mg/ml [Kaletra], oral solution, cool, Bottle 5 x 60 ml",Lopinavir/Ritonavir,Kaletra,80/20mg/ml,Oral solution,300,50,2099.0,41.98,0.14,ABBVIE (Abbott) Logis. UK,Yes,Weight Captured Separately,Freight Included in Commodity Cost,4.11
58800,116-ZA-T30,FPQ-12522,SCMS-199289,ASN-28033,South Africa,PMO - US,Direct Drop,DDP,Truck,7/11/2013,8/29/2014,29-Aug-14,29-Aug-14,29-Aug-14,ARV,Adult,S. BUYS WHOLESALER,"Didanosine 250mg, delayed-release capsules, 30 Caps",Didanosine,Generic,250mg,Delayed-release capsules,30,6,100.91,16.82,0.56,"Aurobindo Unit III, India",No,Weight Captured Separately,Freight Included in Commodity Cost,0.12
84598,104-CI-T30,FPQ-5925,SO-37150,DN-2035,Côte d'Ivoire,PMO - US,From RDC,N/A - From RDC,Truck,6/23/2010,N/A - From RDC,30-Nov-10,26-Nov-10,26-Nov-10,ARV,Pediatric,SCMS from RDC,"Stavudine 1mg/ml, powder for oral solution, 200 ml",Stavudine,Generic,1mg/ml,Oral solution,200,2449,3306.15,1.35,0.01,"Aurobindo Unit III, India",No,See DN-2035 (ID#:82356),See DN-2035 (ID#:82356),7.13
55679,900-TZ-T30,FPQ-10396,SCMS-157661,ASN-17083,Tanzania,PMO - US,Direct Drop,EXW,Air,7/31/2012,10/4/2012,7-Dec-12,30-Nov-12,30-Nov-12,HRDT,HIV test,"Orgenics, Ltd","HIV 1/2, Determine Complete HIV Kit, 100 Tests","HIV 1/2, Determine Complete HIV Kit",Determine,,Test kit,100,2744,219520.0,80.0,0.8,"Alere Medical Co., Ltd.",Yes,1303,22158.58,307.77
86244,104-CI-T30,FPQ-4187,SO-33470,DN-1525,Côte d'Ivoire,PMO - US,From RDC,N/A - From RDC,Air,9/9/2009,N/A - From RDC,1-Dec-09,2-Dec-09,2-Dec-09,ARV,Pediatric,SCMS from RDC,"Lamivudine 10mg/ml, oral solution, Bottle, 240 ml",Lamivudine,Generic,10mg/ml,Oral solution,240,2000,3800.0,1.9,0.01,"Aurobindo Unit III, India",Yes,688,1211.48,7.45
81083,104-CI-T30,FPQ-3882,SCMS-51810,ASN-4979,Côte d'Ivoire,PMO - US,Direct Drop,FCA,Air,7/24/2009,8/24/2009,8-Oct-09,8-Oct-09,8-Oct-09,ARV,Adult,ABBVIE LOGISTICS (FORMERLY ABBOTT LOGISTICS BV),"Lopinavir/Ritonavir 200/50mg [Aluvia], tablets, 120 Tabs",Lopinavir/Ritonavir,Aluvia,200/50mg,Tablet,120,7600,274816.0,36.16,0.3,ABBVIE Ludwigshafen Germany,No,See ASN-4979 (ID#:21174),See ASN-4979 (ID#:21174),538.64
83184,107-RW-T30,FPQ-12190,SO-45390,DN-3421,Rwanda,PMO - US,From RDC,N/A - From RDC,Truck,5/6/2013,N/A - From RDC,31-Jan-14,23-Dec-13,17-Jan-14,ARV,Adult,SCMS from RDC,"Nevirapine 200mg, tablets, 60 Tabs",Nevirapine,Generic,200mg,Tablet,60,20124,45480.24,2.26,0.04,"Aurobindo Unit III, India",No,See DN-3421 (ID#:82617),See DN-3421 (ID#:82617),56.26
17844,116-ZA-T30,FPQ-14942,SCMS-259075,ASN-32138,South Africa,PMO - US,Direct Drop,DDP,Truck,9/11/2014,5/11/2015,12-May-15,12-May-15,12-May-15,ARV,Adult,PHARMACY DIRECT,"Didanosine 400mg, delayed-release capsules, 30 Caps",Didanosine,Generic,400mg,Delayed-release capsules,30,3,42.65,14.22,0.47,"Aurobindo Unit III, India",No,Weight Captured Separately,Freight Included in Commodity Cost,0.04
47953,108-VN-T30,FPQ-10811,SCMS-164570,ASN-18408,Vietnam,PMO - US,Direct Drop,EXW,Air,10/15/2012,11/7/2012,18-Mar-13,18-Mar-13,18-Mar-13,ARV,Pediatric,MYLAN LABORATORIES LTD (FORMERLY MATRIX LABORATORIES),"Lamivudine/Zidovudine 30/60mg, tablets, 60 Tabs",Lamivudine/Zidovudine,Generic,30/60mg,Tablet - FDC,60,2231,4685.1,2.1,0.04,Mylan (formerly Matrix) Nashik,No,See ASN-18408 (ID#:21705),See ASN-18408 (ID#:21705),5.8
6848,107-RW-T01,Pre-PQ Process,SCMS-14221,ASN-1594,Rwanda,PMO - US,Direct Drop,CIP,Air,Pre-PQ Process,11/21/2007,28-Apr-08,22-Apr-08,22-Apr-08,ARV,Adult,CIPLA LIMITED,"Lamivudine/Nevirapine/Stavudine 150/200/30mg, tablets, 60 Tabs",Lamivudine/Nevirapine/Stavudine,Generic,150/200/30mg,Tablet - FDC,60,34576,242032.0,7.0,0.12,"Cipla, Goa, India",Yes,3656,10500,387.25
12486,109-TZ-T01,Pre-PQ Process,SO-2559,DN-791,Tanzania,PMO - US,From RDC,N/A - From RDC,Air,Pre-PQ Process,N/A - From RDC,16-Sep-08,16-Sep-08,16-Sep-08,ARV,Adult,SCMS from RDC,"Lamivudine/Nevirapine/Stavudine 150/200/30mg, tablets, 60 Tabs",Lamivudine/Nevirapine/Stavudine,Generic,150/200/30mg,Tablet - FDC,60,155319,1149360.6,7.4,0.12,"Cipla, Goa, India",Yes,28334,80239.66,1838.98
56331,106-HT-T30,FPQ-9635,SCMS-148440,ASN-15571,Haiti,PMO - US,Direct Drop,EXW,Ocean,5/14/2012,6/28/2012,22-Oct-12,22-Oct-12,22-Oct-12,ARV,Adult,MYLAN LABORATORIES LTD (FORMERLY MATRIX LABORATORIES),"Lopinavir/Ritonavir 200/50mg, tablets, 120 Tabs",Lopinavir/Ritonavir,Generic,200/50mg,Tablet,120,2160,54000.0,25.0,0.21,Mylan (formerly Matrix) Nashik,No,See ASN-15571 (ID#:21091),See ASN-15571 (ID#:21091),75.71
10905,100-ZW-T01,Pre-PQ Process,SO-1207,DN-424,Zimbabwe,PMO - US,From RDC,N/A - From RDC,Air,Pre-PQ Process,N/A - From RDC,16-Nov-07,16-Nov-07,16-Nov-07,ARV,Adult,SCMS from RDC,"Lamivudine/Stavudine 150/30mg, tablets, 30 Tabs",Lamivudine/Stavudine,Generic,150/30mg,Tablet - FDC,30,1,2.0,2.0,0.07,"Cipla, Goa, India",Yes,63,598.08,0.0
86093,111-MZ-T30,FPQ-13124,SO-47070,DN-3745,Mozambique,PMO - US,From RDC,N/A - From RDC,Truck,10/21/2013,N/A - From RDC,31-Jul-14,18-Jul-14,7-Aug-14,ARV,Adult,SCMS from RDC,"Lopinavir/Ritonavir 200/50mg [Aluvia], tablets, 120 Tabs",Lopinavir/Ritonavir,Aluvia,200/50mg,Tablet,120,18960,358344.0,18.9,0.16,ABBVIE Ludwigshafen Germany,Yes,4227,2259.81,368.38
43347,122-HT-T30,FPQ-8635,SCMS-132180,ASN-13412,Haiti,PMO - US,Direct Drop,EXW,Air,12/7/2011,12/30/2011,18-Jan-12,18-Jan-12,18-Jan-12,ANTM,Malaria,AMSTELFARMA B.V.,"Chloroquine 150mg base (as phosphate), tablets, 1000 Tabs",Chloroquine base (as phosphate),Generic,150mg,Tablet,1000,3000,27750.0,9.25,0.01,"Medopharm Malur Factory, INDIA",No,See ASN-13412 (ID#:16085),See ASN-13412 (ID#:16085),38.91
14447,116-ZA-T30,FPQ-7176,SCMS-104380,ASN-11802,South Africa,PMO - US,Direct Drop,DDP,Ocean,3/10/2011,4/1/2011,3-Nov-11,10-Oct-11,10-Oct-11,ARV,Adult,Aurobindo Pharma Limited,"Efavirenz 600mg, tablets, 30 Tabs",Efavirenz,Generic,600mg,Tablet,30,5745,25909.95,4.51,0.15,"Aurobindo Unit III, India",Yes,488,4232.71,42.75
7929,110-ZM-T01,Pre-PQ Process,SCMS-39,ASN-37,Zambia,PMO - US,Direct Drop,FCA,Air,Pre-PQ Process,Date Not Captured,19-Sep-06,19-Sep-06,19-Sep-06,HRDT,HIV test,Abbott GmbH & Co. KG,"HIV 1/2, Determine Complete HIV Kit, 100 Tests","HIV 1/2, Determine Complete HIV Kit",Determine,,Test kit,100,1000,80000.0,80.0,0.8,ABBVIE GmbH & Co.KG Wiesbaden,Yes,343,2373.73,
59633,106-HT-T30,FPQ-9894,SCMS-147600,ASN-15503,Haiti,PMO - US,Direct Drop,DDP,Truck,5/22/2012,6/5/2012,28-Jun-12,28-Jun-12,28-Jun-12,HRDT,HIV test,REINBOLD EXPORT IMPORT,"HIV 1/2, Determine Complete HIV Kit, 100 Tests","HIV 1/2, Determine Complete HIV Kit",Determine,,Test kit,100,1250,160937.5,128.75,1.29,"Alere Medical Co., Ltd.",Yes,Weight Captured Separately,Freight Included in Commodity Cost,225.63
5928,133-NG-T01,Pre-PQ Process,SCMS-27050,ASN-2694,Nigeria,PMO - US,Direct Drop,EXW,Air,Pre-PQ Process,7/18/2008,7-Nov-08,7-Nov-08,7-Nov-08,HRDT,HIV test,"CHEMBIO DIAGNOSTIC SYSTEMS, INC.","HIV 1/2, Stat-Pak HIV, Kit, 20 Tests","HIV 1/2, Stat-Pak HIV, Kit",Stat-Pak,,Test kit,20,8485,229095.0,27.0,1.35,Chembio Diagnostics Sys. Inc.,Yes,2441,22229.32,449.03
85500,107-RW-T30,FPQ-14111,SO-48771,DN-3802,Rwanda,PMO - US,From RDC,N/A - From RDC,Truck,4/22/2014,N/A - From RDC,30-Sep-14,16-Jul-14,21-Jul-14,ARV,Pediatric,SCMS from RDC,"Abacavir/Lamivudine 60/30mg, tablets, 60 Tabs",Abacavir/Lamivudine,Generic,60/30mg,Tablet - FDC,60,1419,6385.5,4.5,0.08,"Aurobindo Unit III, India",Yes,71,961.06,6.56
23466,107-RW-T30,FPQ-3859,SCMS-48890,ASN-6725,Rwanda,PMO - US,Direct Drop,CIP,Air,6/30/2009,7/16/2009,26-Apr-10,26-Apr-10,26-Apr-10,ARV,Adult,Aurobindo Pharma Limited,"Lopinavir/Ritonavir 200/50mg, tablets, 120 Tabs",Lopinavir/Ritonavir,Generic,200/50mg,Tablet,120,2240,83686.4,37.36,0.31,"Aurobindo Unit III, India",Yes,554,7531.78,164.03
57866,114-UG-T30,FPQ-12290,SCMS-192210,ASN-22576,Uganda,PMO - US,Direct Drop,EXW,Air,5/17/2013,6/24/2013,21-Nov-13,21-Nov-13,22-Nov-13,ARV,Adult,MYLAN LABORATORIES LTD (FORMERLY MATRIX LABORATORIES),"Atazanavir 300mg, capsules, 30 Caps",Atazanavir,Generic,300mg,Capsule,30,1946,29190.0,15.0,0.5,Mylan (formerly Matrix) Nashik,Yes,122,1249.78,36.11
84182,110-ZM-T30,FPQ-9472,SO-41702,DN-2749,Zambia,PMO - US,From RDC,N/A - From RDC,Truck,3/8/2012,N/A - From RDC,23-Aug-12,30-Jul-12,30-Jul-12,ARV,Adult,SCMS from RDC,"Efavirenz/Emtricitabine/Tenofovir Disoproxil Fumarate 600/200/300mg, tablets, 30 Tabs",Efavirenz/Emtricitabine/Tenofovir Disoproxil Fumarate,Generic,600/200/300mg,Tablet - FDC,30,200000,3008000.0,15.04,0.5,Mylan (formerly Matrix) Nashik,Yes,33909,16040.39,4217.22
34718,104-CI-T30,FPQ-13198,SCMS-215300,ASN-25800,Côte d'Ivoire,PMO - US,Direct Drop,FCA,Air,10/28/2013,11/22/2013,13-May-14,13-May-14,15-May-14,ARV,Pediatric,LAWRENCE LABORATORIES (SUBSIDIARY OF BRISTOL MYERS SQUIBB),"Didanosine 25mg [Videx], chewable tablets, 60 Tabs",Didanosine,Videx,25mg,Chewable/dispersible tablet,60,1515,10605.0,7.0,0.12,Bristol-Myers Squibb Anagni IT,Yes,338,2864.63,10.9
32559,106-HT-T30,FPQ-11304,SCMS-176450,ASN-19219,Haiti,PMO - US,Direct Drop,DAP,Truck,1/22/2013,2/12/2013,15-Mar-13,15-Mar-13,15-Mar-13,HRDT,HIV test,REINBOLD EXPORT IMPORT,"HIV 1/2, Determine Complete HIV Kit, 100 Tests","HIV 1/2, Determine Complete HIV Kit",Determine,,Test kit,100,25,3125.0,125.0,1.25,"Alere Medical Co., Ltd.",Yes,Weight Captured Separately,Freight Included in Commodity Cost,3.87
85567,107-RW-T30,FPQ-14111,SO-48810,DN-4149,Rwanda,PMO - US,From RDC,N/A - From RDC,Truck,4/22/2014,N/A - From RDC,31-Mar-15,24-Mar-15,24-Mar-15,ARV,Adult,SCMS from RDC,"Lamivudine/Tenofovir Disoproxil Fumarate 300/300mg, tablets, 30 Tabs",Lamivudine/Tenofovir Disoproxil Fumarate,Generic,300/300mg,Tablet - FDC,30,13653,62667.27,4.59,0.15,"Cipla, Kurkumbh, India",No,See DN-4149 (ID#:82782),See DN-4149 (ID#:82782),64.42
10879,117-ET-T01,Pre-PQ Process,SO-914,DN-332,Ethiopia,PMO - US,From RDC,N/A - From RDC,,Pre-PQ Process,N/A - From RDC,4-Sep-07,4-Sep-07,4-Sep-07,ARV,Pediatric,SCMS from RDC,"Lamivudine 10mg/ml, oral solution, Bottle, 240 ml",Lamivudine,Generic,10mg/ml,Oral solution,240,15913,31348.61,1.97,0.01,"Aurobindo Unit III, India",No,See DN-332 (ID#:10613),See DN-332 (ID#:10613),50.16
11025,151-NG-T01,Pre-PQ Process,SO-21805,DN-1139,Nigeria,PMO - US,From RDC,N/A - From RDC,Air Charter,Pre-PQ Process,N/A - From RDC,19-Mar-09,19-Mar-09,19-Mar-09,ARV,Adult,SCMS from RDC,"Lamivudine/Nevirapine/Zidovudine 150/200/300mg, tablets, 60 Tabs",Lamivudine/Nevirapine/Zidovudine,Generic,150/300/200mg,Tablet - FDC,60,49385,562989.0,11.4,0.19,"Aurobindo Unit III, India",Yes,5553,11492.86,1103.46
11724,113-ZW-T01,Pre-PQ Process,SO-279,DN-187,Zimbabwe,PMO - US,From RDC,N/A - From RDC,,Pre-PQ Process,N/A - From RDC,12-Jun-07,12-Jun-07,12-Jun-07,ARV,Adult,SCMS from RDC,"Zidovudine 300mg, tablets, 60 Tabs",Zidovudine,Generic,300mg,Tablet,60,534,5217.18,9.77,0.16,"Ranbaxy, Paonta Shahib, India",No,See DN-187 (ID#:10825),See DN-187 (ID#:10825),8.35
85786,111-MZ-T30,FPQ-7053,SO-40410,DN-2335,Mozambique,PMO - US,From RDC,N/A - From RDC,Truck,1/24/2011,N/A - From RDC,20-Sep-11,30-Sep-11,30-Sep-11,ARV,Adult,SCMS from RDC,"Stavudine 30mg, capsules, 60 Caps",Stavudine,Generic,30mg,Capsule,60,538,753.2,1.4,0.02,"Aurobindo Unit III, India",Yes,43,888.93,1.24
83090,103-ZW-T30,FPQ-9907,SO-42221,DN-2924,Zimbabwe,PMO - US,From RDC,N/A - From RDC,Truck,5/15/2012,N/A - From RDC,30-Nov-12,14-Nov-12,14-Nov-12,ARV,Pediatric,SCMS from RDC,"Abacavir 20mg/ml, oral solution w/syringe, Bottle, 240 ml",Abacavir,Generic,20mg/ml,Oral solution,240,42,525.0,12.5,0.05,"Aurobindo Unit III, India",Yes,16,839.7,0.74
86030,103-SS-T30,FPQ-13173,SO-47110,DN-3493,South Sudan,PMO - US,From RDC,N/A - From RDC,Air,10/28/2013,N/A - From RDC,22-Jan-14,11-Feb-14,13-Feb-14,ARV,Adult,SCMS from RDC,"Efavirenz 600mg, tablets, 30 Tabs",Efavirenz,Generic,600mg,Tablet,30,2100,6993.0,3.33,0.11,"Strides, Bangalore, India.",No,See DN-3493 (ID#:84322),See DN-3493 (ID#:84322),7.19
40205,105-SS-T30,FPQ-15569,SCMS-272140,ASN-31129,South Sudan,PMO - US,Direct Drop,EXW,Air,12/29/2014,2/20/2015,8-May-15,8-May-15,11-May-15,HRDT,HIV test,"Trinity Biotech, Plc","HIV 1/2, Uni-Gold HIV Kit, 20 Tests","HIV 1/2, Uni-Gold HIV Kit",Uni-Gold,,Test kit,20,35,1120.0,32.0,1.6,"Trinity Biotech, Plc",Yes,191,2796.58,1.32
11023,151-NG-T01,Pre-PQ Process,SO-21780,DN-1129,Nigeria,PMO - US,From RDC,N/A - From RDC,Air,Pre-PQ Process,N/A - From RDC,24-Mar-09,24-Mar-09,24-Mar-09,ARV,Adult,SCMS from RDC,"Emtricitabine/Tenofovir Disoproxil Fumarate 200/300mg [Truvada], tablets, 30 Tabs",Emtricitabine/Tenofovir Disoproxil Fumarate,Truvada,300/200mg,Tablet - FDC,30,2871,75363.75,26.25,0.88,"Aspen-OSD, Port Elizabeth, SA",Yes,249,6443.61,147.71
10643,110-ZM-T01,Pre-PQ Process,SO-1309,DN-484,Zambia,PMO - US,From RDC,N/A - From RDC,,Pre-PQ Process,N/A - From RDC,7-Dec-07,7-Dec-07,7-Dec-07,ARV,Adult,SCMS from RDC,"Lamivudine/Nevirapine/Stavudine 150/200/30mg, tablets, 60 Tabs",Lamivudine/Nevirapine/Stavudine,Generic,150/200/30mg,Tablet - FDC,60,14052,103984.8,7.4,0.12,"Cipla, Goa, India",Yes,1420,5780.2,166.38
10983,106-HT-T01,Pre-PQ Process,SO-15960,DN-946,Haiti,PMO - US,From RDC,N/A - From RDC,Air,Pre-PQ Process,N/A - From RDC,20-Oct-08,20-Oct-08,20-Oct-08,ARV,Adult,SCMS from RDC,"Nevirapine 200mg, tablets, 60 Tabs",Nevirapine,Generic,200mg,Tablet,60,20186,64595.2,3.2,0.05,"Aurobindo Unit III, India",Yes,4218,43041.34,103.35
83075,114-UG-T30,FPQ-9356,SO-41600,DN-2840,Uganda,PMO - US,From RDC,N/A - From RDC,Truck,2/20/2012,N/A - From RDC,5-Oct-12,6-Oct-12,6-Oct-12,ARV,Adult,SCMS from RDC,"Lopinavir/Ritonavir 200/50mg, tablets, 120 Tabs",Lopinavir/Ritonavir,Generic,200/50mg,Tablet,120,4968,145612.08,29.31,0.24,"Aurobindo Unit III, India",Yes,1207,7238,204.15
86256,106-HT-T30,FPQ-4469,SO-34230,DN-1617,Haiti,PMO - US,From RDC,N/A - From RDC,Air,9/23/2009,N/A - From RDC,5-Mar-10,24-Feb-10,24-Feb-10,ARV,Pediatric,SCMS from RDC,"Efavirenz 50mg, capsule, 30 Caps",Efavirenz,Generic,50mg,Capsule,30,1528,3422.72,2.24,0.07,"Aurobindo Unit III, India",No,See DN-1617 (ID#:83395),See DN-1617 (ID#:83395),7.38
62808,116-ZA-T30,FPQ-13973,SCMS-238551,ASN-26882,South Africa,PMO - US,Direct Drop,DDP,Truck,4/30/2014,6/25/2014,25-Jun-14,25-Jun-14,25-Jun-14,ARV,Adult,PHARMACY DIRECT,"Lamivudine 150mg, tablets, 60 Tabs",Lamivudine,Generic,150mg,Tablet,60,138,1261.73,9.14,0.15,"Aurobindo Unit III, India",No,Weight Captured Separately,Freight Included in Commodity Cost,1.3
71320,106-HT-T30,FPQ-12682,SCMS-209710,ASN-27232,Haiti,PMO - US,Direct Drop,EXW,Air,8/23/2013,10/8/2013,25-Aug-14,25-Aug-14,28-Aug-14,ARV,Pediatric,CIPLA LIMITED,"Abacavir 60mg, dispersible tablets, 60 Tabs",Abacavir,Generic,60mg,Chewable/dispersible tablet,60,482,2410.0,5.0,0.08,"Cipla, Patalganga, India",Yes,50,1342.44,2.98
46502,108-VN-T30,FPQ-10811,SCMS-164680,ASN-18664,Vietnam,PMO - US,Direct Drop,EXW,Air,10/15/2012,11/7/2012,2-Apr-13,2-Apr-13,2-Apr-13,ARV,Adult,HETERO LABS LIMITED,"Lamivudine/Zidovudine 150/300mg, tablets, 60 Tabs",Lamivudine/Zidovudine,Generic,150/300mg,Tablet - FDC,60,24377,170639.0,7.0,0.12,Hetero Unit III Hyderabad IN,No,See ASN-18664 (ID#:19406),See ASN-18664 (ID#:19406),211.08
85835,114-UG-T30,FPQ-8522,SO-40943,DN-2569,Uganda,PMO - US,From RDC,N/A - From RDC,Truck,10/5/2011,N/A - From RDC,30-Mar-12,27-Feb-12,27-Feb-12,ARV,Adult,SCMS from RDC,"Zidovudine 300mg, tablets, 60 Tabs",Zidovudine,Generic,300mg,Tablet,60,4398,30873.96,7.02,0.12,Hetero Unit III Hyderabad IN,Yes,224,1933.3,50.94
85191,117-ET-T30,FPQ-7798,SO-39900,DN-2253,Ethiopia,PMO - US,From RDC,N/A - From RDC,Air,5/23/2011,N/A - From RDC,21-Jun-11,1-Jun-11,1-Jun-11,ARV,Adult,SCMS from RDC,"Efavirenz 600mg, tablets, 30 Tabs",Efavirenz,Generic,600mg,Tablet,30,10158,42866.76,4.22,0.14,"Aurobindo Unit III, India",Yes,Weight Captured Separately,Invoiced Separately,70.73
10989,126-NG-T01,Pre-PQ Process,SO-10780,DN-871,Nigeria,PMO - US,From RDC,N/A - From RDC,Air,Pre-PQ Process,N/A - From RDC,25-Aug-08,25-Aug-08,25-Aug-08,ARV,Adult,SCMS from RDC,"Nevirapine 200mg, tablets, 60 Tabs",Nevirapine,Generic,200mg,Tablet,60,35400,120360.0,3.4,0.06,Hetero Unit III Hyderabad IN,Yes,1987,14931.8,192.58
22615,101-CD-T30,FPQ-13555,SCMS-234320,ASN-27483,"Congo, DRC",PMO - US,Direct Drop,EXW,Air,3/19/2014,5/5/2014,30-Sep-14,30-Sep-14,29-Oct-14,ARV,Adult,STRIDES ARCOLAB LIMITED,"Lamivudine/Nevirapine/Zidovudine 150/200/300mg, tablets, 60 Tabs",Lamivudine/Nevirapine/Zidovudine,Generic,150/300/200mg,Tablet - FDC,60,980,7947.8,8.11,0.14,"Strides, Bangalore, India.",Yes,116,2322.08,8.17
2503,102-KE-T01,Pre-PQ Process,SCMS-42970,ASN-4099,Kenya,PMO - US,Direct Drop,EXW,Air,Pre-PQ Process,4/4/2009,18-Jun-09,18-Jun-09,18-Jun-09,HRDT,HIV test,"Trinity Biotech, Plc","HIV 1/2, Uni-Gold HIV Kit, 20 Tests","HIV 1/2, Uni-Gold HIV Kit",Uni-Gold,,Test kit,20,4995,159840.0,32.0,1.6,"Trinity Biotech, Plc",Yes,4995,275,313.29
44363,103-DO-T30,FPQ-11964,SCMS-202650,ASN-21798,Dominican Republic,PMO - US,Direct Drop,EXW,Air,4/10/2013,8/12/2013,4-Oct-13,4-Oct-13,18-Oct-13,ARV,Adult,EMCURE PHARMACEUTICALS LTD,"Atazanavir 300mg, capsules, 30 Caps",Atazanavir,Generic,300mg,Capsule,30,1902,38040.0,20.0,0.67,"Emcure Plot No.P-2, I.T-B.T. Park, Phase II, MIDC, Hinjwadi, Pune, India",Yes,170,1965.62,47.06
84078,151-NG-T30,FPQ-6800,SO-39170,DN-2167,Nigeria,PMO - US,From RDC,N/A - From RDC,Air Charter,12/7/2010,N/A - From RDC,21-Jun-11,11-May-11,11-May-11,ARV,Adult,SCMS from RDC,"Efavirenz 600mg, tablets, 30 Tabs",Efavirenz,Generic,600mg,Tablet,30,87744,370279.68,4.22,0.14,Mylan (formerly Matrix) Nashik,Yes,7194,12601.07,610.96
82873,104-CI-T30,FPQ-4378,SO-34415,DN-1763,Côte d'Ivoire,PMO - US,From RDC,N/A - From RDC,Air,10/15/2009,N/A - From RDC,12-Apr-10,8-Apr-10,8-Apr-10,ARV,Adult,SCMS from RDC,"Lamivudine/Zidovudine 150/300mg, tablets, 60 Tabs",Lamivudine/Zidovudine,Generic,150/300mg,Tablet - FDC,60,20000,175200.0,8.76,0.15,"Aurobindo Unit III, India",Yes,1807,21347.2,343.39
10959,100-ZW-T01,Pre-PQ Process,SO-716,DN-770,Zimbabwe,PMO - US,From RDC,N/A - From RDC,Air,Pre-PQ Process,N/A - From RDC,9-Jun-08,9-Jun-08,9-Jun-08,ARV,Adult,SCMS from RDC,"Lamivudine/Stavudine 150/30mg, tablets, 30 Tabs",Lamivudine/Stavudine,Generic,150/30mg,Tablet - FDC,30,1600,3200.0,2.0,0.07,"Cipla, Goa, India",Yes,422,3335.15,5.12
10958,110-ZM-T01,Pre-PQ Process,SO-1885,DN-711,Zambia,PMO - US,From RDC,N/A - From RDC,,Pre-PQ Process,N/A - From RDC,9-May-08,9-May-08,9-May-08,ARV,Adult,SCMS from RDC,"Lamivudine/Zidovudine 150/300mg, tablets, 60 Tabs",Lamivudine/Zidovudine,Generic,150/300mg,Tablet - FDC,60,50000,472500.0,9.45,0.16,"Aurobindo Unit III, India",Yes,4657,2348.92,756.0
85022,110-ZM-T30,FPQ-15448,SO-50480,DN-4182,Zambia,PMO - US,From RDC,N/A - From RDC,Truck,11/25/2014,N/A - From RDC,15-May-15,25-May-15,22-Jun-15,ARV,Adult,SCMS from RDC,"Efavirenz 600mg, tablets, 30 Tabs",Efavirenz,Generic,600mg,Tablet,30,108856,339630.72,3.12,0.1,"Strides, Bangalore, India.",Yes,6431,43219.06,399.75
62795,116-ZA-T30,FPQ-11828,SCMS-183950,ASN-19166,South Africa,South Africa Field Office,Direct Drop,DDP,Truck,3/18/2013,Date Not Captured,16-Apr-13,16-Apr-13,16-Apr-13,ARV,Pediatric,S. BUYS WHOLESALER,"Efavirenz 200mg, capsule, 90 Caps",Efavirenz,Generic,200mg,Capsule,90,257,7465.87,29.05,0.32,"Aurobindo Unit III, India",No,Weight Captured Separately,Freight Included in Commodity Cost,9.24
84754,104-CI-T30,FPQ-9063,SO-41361,DN-2851,Côte d'Ivoire,PMO - US,From RDC,N/A - From RDC,Truck,12/21/2011,N/A - From RDC,28-Sep-12,10-Sep-12,10-Sep-12,ARV,Adult,SCMS from RDC,"Efavirenz 600mg, tablets, 30 Tabs",Efavirenz,Generic,600mg,Tablet,30,5308,20223.48,3.81,0.13,"Strides, Bangalore, India.",No,See DN-2851 (ID#:84753),See DN-2851 (ID#:84753),28.35
10720,126-NG-T01,Pre-PQ Process,SO-10810,DN-886,Nigeria,PMO - US,From RDC,N/A - From RDC,Air,Pre-PQ Process,N/A - From RDC,31-Aug-08,31-Aug-08,31-Aug-08,ARV,Adult,SCMS from RDC,"Lamivudine/Zidovudine 150/300mg, tablets, 60 Tabs",Lamivudine/Zidovudine,Generic,150/300mg,Tablet - FDC,60,45000,420750.0,9.35,0.16,Mylan (formerly Matrix) Nashik,Yes,3657,23070.58,673.2
86398,104-CI-T30,FPQ-7659,SO-40121,DN-2304,Côte d'Ivoire,PMO - US,From RDC,N/A - From RDC,Air,5/3/2011,N/A - From RDC,27-Sep-11,12-Sep-11,12-Sep-11,ARV,Adult,SCMS from RDC,"Emtricitabine/Tenofovir Disoproxil Fumarate 200/300mg, tablets, 30 Tabs",Emtricitabine/Tenofovir Disoproxil Fumarate,Generic,200/300mg,Tablet - FDC,30,17251,181825.54,10.54,0.35,"Aurobindo Unit III, India",No,See DN-2304 (ID#:82395),See DN-2304 (ID#:82395),300.01
26015,116-ZA-T30,FPQ-3596,SCMS-50370,ASN-5458,South Africa,PMO - US,Direct Drop,DDP,Truck,5/7/2009,9/22/2009,27-Oct-09,27-Oct-09,27-Oct-09,ARV,Pediatric,S. BUYS WHOLESALER,"Efavirenz 50mg, capsule, 30 Caps",Efavirenz,Generic,50mg,Capsule,30,708,2696.29,3.81,0.13,"Aurobindo Unit III, India",Yes,Weight Captured Separately,Freight Included in Commodity Cost,5.28
82503,900-TZ-T30,FPQ-10391,SO-43010,DN-2820,Tanzania,PMO - US,From RDC,N/A - From RDC,Air,7/26/2012,N/A - From RDC,26-Oct-12,26-Oct-12,26-Oct-12,ARV,Adult,SCMS from RDC,"Lamivudine/Zidovudine 150/300mg, tablets, 60 Tabs",Lamivudine/Zidovudine,Generic,150/300mg,Tablet - FDC,60,52770,407384.4,7.72,0.13,Mylan (formerly Matrix) Nashik,Yes,16510,82283.9,571.15
6693,102-GY-T01,Pre-PQ Process,SCMS-766,ASN-588,Guyana,PMO - US,Direct Drop,EXW,Air,Pre-PQ Process,7/6/2007,8-Aug-07,8-Aug-07,8-Aug-07,HRDT,HIV test,"CHEMBIO DIAGNOSTIC SYSTEMS, INC.","HIV 1/2, Stat-Pak HIV, Kit, 20 Tests","HIV 1/2, Stat-Pak HIV, Kit",Stat-Pak,,Test kit,20,50,1350.0,27.0,1.35,Chembio Diagnostics Sys. Inc.,Yes,13,581.1,2.16
39589,106-HT-T30,FPQ-13797,SCMS-233970,ASN-27795,Haiti,PMO - US,Direct Drop,EXW,Air,3/20/2014,4/30/2014,14-Oct-14,14-Oct-14,20-Oct-14,ARV,Adult,CIPLA LIMITED,"Lamivudine/Tenofovir Disoproxil Fumarate 300/300mg, tablets, 30 Tabs",Lamivudine/Tenofovir Disoproxil Fumarate,Generic,300/300mg,Tablet - FDC,30,8806,40419.54,4.59,0.15,"Cipla, Kurkumbh, India",Yes,979,6161.47,41.55
83709,101-CD-T30,FPQ-12033,SO-45020,DN-3268,"Congo, DRC",PMO - US,From RDC,N/A - From RDC,Air,4/8/2013,N/A - From RDC,27-Aug-13,8-Feb-14,11-Mar-14,ARV,Adult,SCMS from RDC,"Efavirenz 600mg, tablets, 30 Tabs",Efavirenz,Generic,600mg,Tablet,30,238,792.54,3.33,0.11,"Strides, Bangalore, India.",No,See DN-3268 (ID#:82595),See DN-3268 (ID#:82595),0.98
10837,109-TZ-T01,Pre-PQ Process,SO-428,DN-161,Tanzania,PMO - US,From RDC,N/A - From RDC,Air,Pre-PQ Process,N/A - From RDC,6-Jul-07,6-Jul-07,6-Jul-07,ARV,Adult,SCMS from RDC,"Lamivudine/Nevirapine/Stavudine 150/200/30mg, tablets, 60 Tabs",Lamivudine/Nevirapine/Stavudine,Generic,150/200/30mg,Tablet - FDC,60,3386,25395.0,7.5,0.12,"Cipla, Goa, India",Yes,31,1589,
4594,102-GY-T01,Pre-PQ Process,SCMS-27040,ASN-2473,Guyana,PMO - US,Direct Drop,EXW,Air,Pre-PQ Process,7/18/2008,1-Oct-08,1-Oct-08,1-Oct-08,HRDT,HIV test,"Trinity Biotech, Plc","HIV 1/2, Uni-Gold HIV Kit, 20 Tests","HIV 1/2, Uni-Gold HIV Kit",Uni-Gold,,Test kit,20,1062,33984.0,32.0,1.6,"Trinity Biotech, Plc",Yes,1062,3976.33,54.37
85190,117-ET-T30,FPQ-7798,SO-39770,DN-2234,Ethiopia,PMO - US,From RDC,N/A - From RDC,Air,5/23/2011,N/A - From RDC,21-Jun-11,1-Jun-11,1-Jun-11,ARV,Adult,SCMS from RDC,"Efavirenz 600mg, tablets, 30 Tabs",Efavirenz,Generic,600mg,Tablet,30,49142,207379.24,4.22,0.14,Hetero Unit III Hyderabad IN,No,See DN-2234 (ID#:82386),See DN-2234 (ID#:82386),342.18
28928,161-ZA-T30,FPQ-5648,SCMS-75510,ASN-8300,South Africa,PMO - US,Direct Drop,DDP,Air,6/2/2010,6/17/2010,25-Nov-10,25-Nov-10,25-Nov-10,ARV,Adult,Aurobindo Pharma Limited,"Tenofovir Disoproxil Fumarate 300mg, tablets, 30 Tabs",Tenofovir Disoproxil Fumarate,Generic,300mg,Tablet,30,40319,278604.29,6.91,0.23,"Aurobindo Unit III, India",Yes,3545,5953.38,600.67
83077,107-RW-T30,FPQ-10119,SO-42760,DN-2845,Rwanda,PMO - US,From RDC,N/A - From RDC,Air,6/18/2012,N/A - From RDC,31-Oct-12,30-Oct-12,30-Oct-12,ARV,Adult,SCMS from RDC,"Lopinavir/Ritonavir 200/50mg, tablets, 120 Tabs",Lopinavir/Ritonavir,Generic,200/50mg,Tablet,120,10979,325856.72,29.68,0.25,Mylan (formerly Matrix) Nashik,Yes,2881,5825.17,456.85
10942,104-CI-T01,Pre-PQ Process,SO-1663,DN-587,Côte d'Ivoire,PMO - US,From RDC,N/A - From RDC,Air,Pre-PQ Process,N/A - From RDC,6-Mar-08,5-Feb-08,5-Feb-08,ARV,Adult,SCMS from RDC,"Indinavir 400mg [Crixivan], capsules, 180 Caps",Indinavir,Crixivan,400mg,Capsule,180,5538,276900.0,50.0,0.28,"MSD, Haarlem, NL",Yes,1230,4680.1,443.04
85530,114-UG-T30,FPQ-14396,SO-48960,DN-3936,Uganda,PMO - US,From RDC,N/A - From RDC,Air,6/4/2014,N/A - From RDC,30-Sep-14,1-Oct-14,21-Oct-14,ARV,Adult,SCMS from RDC,"Abacavir/Lamivudine 600/300mg, tablets, 30 Tabs",Abacavir/Lamivudine,Generic,600/300mg,Tablet - FDC,30,3273,44250.96,13.52,0.45,"Cipla, Patalganga, India",Yes,389,2786.61,45.49
10800,104-CI-T01,Pre-PQ Process,SO-34070,DN-1492,Côte d'Ivoire,PMO - US,From RDC,N/A - From RDC,Air,Date Not Captured,N/A - From RDC,27-Oct-09,27-Oct-09,27-Oct-09,ARV,Pediatric,SCMS from RDC,"Lamivudine 10mg/ml, oral solution, Bottle, 240 ml",Lamivudine,Generic,10mg/ml,Oral solution,240,3535,6716.5,1.9,0.01,"Aurobindo Unit III, India",Yes,1224,2298.61,14.48
12368,117-ET-T01,Pre-PQ Process,SO-582,DN-157,Ethiopia,PMO - US,From RDC,N/A - From RDC,,Pre-PQ Process,N/A - From RDC,24-May-07,24-May-07,24-May-07,HRDT,HIV test,SCMS from RDC,"HIV 1/2, Uni-Gold HIV Kit, 20 Tests","HIV 1/2, Uni-Gold HIV Kit",Uni-Gold,,Test kit,20,200,6400.0,32.0,1.6,"Trinity Biotech, Plc",No,See DN-157 (ID#:11403),See DN-157 (ID#:11403),
84250,110-ZM-T30,FPQ-11969,SO-44910,DN-3116,Zambia,PMO - US,From RDC,N/A - From RDC,Air,3/26/2013,N/A - From RDC,28-Jun-13,13-May-13,13-May-13,ARV,Adult,SCMS from RDC,"Emtricitabine/Tenofovir Disoproxil Fumarate 200/300mg, tablets, 30 Tabs",Emtricitabine/Tenofovir Disoproxil Fumarate,Generic,200/300mg,Tablet - FDC,30,20537,124659.59,6.07,0.2,Hetero Unit III Hyderabad IN,No,See DN-3116 (ID#:84248),See DN-3116 (ID#:84248),154.2
85837,114-UG-T30,FPQ-8522,SO-40942,DN-2580,Uganda,PMO - US,From RDC,N/A - From RDC,Truck,10/5/2011,N/A - From RDC,30-Mar-12,9-Mar-12,9-Mar-12,ARV,Adult,SCMS from RDC,"Lamivudine/Tenofovir Disoproxil Fumarate 300/300mg, tablets, 30 Tabs",Lamivudine/Tenofovir Disoproxil Fumarate,Generic,300/300mg,Tablet - FDC,30,5785,35172.8,6.08,0.2,Mylan (formerly Matrix) Nashik,Yes,460,3571.6,58.04
58485,116-ZA-T30,FPQ-4770,SCMS-60190,ASN-5907,South Africa,PMO - US,Direct Drop,DDP,Truck,12/17/2009,12/23/2009,29-Dec-09,29-Dec-09,29-Dec-09,ARV,Adult,S. BUYS WHOLESALER,"Ritonavir 100mg [Norvir], capsules, cool, 84 Caps",Ritonavir,Norvir,100mg,Capsule,84,15,161.34,10.76,0.13,ABBVIE (Abbott) Logis. UK,Yes,Weight Captured Separately,Freight Included in Commodity Cost,0.35
17135,109-TZ-T30,FPQ-12197,SCMS-189360,ASN-21230,Tanzania,PMO - US,Direct Drop,EXW,Air,4/30/2013,5/29/2013,17-Sep-13,13-Sep-13,13-Sep-13,HRDT,HIV test,"Standard Diagnostics, Inc.","HIV 1/2, Determine Complete HIV Kit, 100 Tests","HIV 1/2, Determine Complete HIV Kit",Determine,,Test kit,100,3053,0.0,0.0,0.0,"Alere Medical Co., Ltd.",Yes,1265,21384.75,0.0
3294,114-UG-T01,Pre-PQ Process,SCMS-27190,ASN-2391,Uganda,PMO - US,Direct Drop,CIP,Air,Pre-PQ Process,7/18/2008,9-Sep-08,9-Sep-08,9-Sep-08,ARV,Adult,BRISTOL-MYERS SQUIBB,"Didanosine EC 400mg [Videx EC], delayed-release capsules, Blister 3 x 10 Caps",Didanosine EC,Videx EC,400mg,Delayed-release capsules - blister,30,50,1183.5,23.67,0.79,"BMS Meymac, France",Yes,2,330,1.89
84064,110-ZM-T30,FPQ-6221,SO-37950,DN-2125,Zambia,PMO - US,From RDC,N/A - From RDC,Truck,8/20/2010,N/A - From RDC,31-Mar-11,5-Apr-11,5-Apr-11,ARV,Adult,SCMS from RDC,"Lamivudine/Nevirapine/Stavudine 150/200/30mg, tablets, 60 Tabs",Lamivudine/Nevirapine/Stavudine,Generic,150/200/30mg,Tablet - FDC,60,3355,19224.15,5.73,0.1,"Strides, Bangalore, India.",No,See DN-2125 (ID#:82941),See DN-2125 (ID#:82941),41.45
82424,104-CI-T30,FPQ-8295,SO-40791,DN-2459,Côte d'Ivoire,PMO - US,From RDC,N/A - From RDC,Truck,8/25/2011,N/A - From RDC,6-Feb-12,6-Feb-12,6-Feb-12,ARV,Pediatric,SCMS from RDC,"Didanosine 200mg, chewable/dispersible tablets, 60 Tabs",Didanosine,Generic,200mg,Chewable/dispersible tablet,60,3765,56475.0,15.0,0.25,"Aurobindo Unit III, India",Yes,303,12102.81,93.18
65,106-HT-T01,Pre-PQ Process,SCMS-274,ASN-162,Haiti,PMO - US,Direct Drop,EXW,Air,Pre-PQ Process,Date Not Captured,18-Jan-07,18-Jan-07,18-Jan-07,HRDT,HIV test,Abbott GmbH & Co. KG,"HIV 1/2, Determine Complete HIV Kit, 100 Tests","HIV 1/2, Determine Complete HIV Kit",Determine,,Test kit,100,750,60000.0,80.0,0.8,ABBVIE GmbH & Co.KG Wiesbaden,Yes,256,1760.32,
41301,116-ZA-T30,FPQ-14942,SCMS-259073,ASN-30673,South Africa,PMO - US,Direct Drop,DDP,Truck,9/11/2014,2/12/2015,12-Feb-15,12-Feb-15,12-Feb-15,ARV,Adult,PHARMACY DIRECT,"Etravirine 100mg [Intelence], tablets, 120 Tabs",Etravirine,Intelence,100mg,Tablet,120,2,51.19,25.6,0.21,"Janssen-Cilag, Latina, IT",Yes,Weight Captured Separately,Freight Included in Commodity Cost,0.05
34781,161-ZA-T30,FPQ-6708,SCMS-93560,ASN-11436,South Africa,PMO - US,Direct Drop,DDP,Ocean,11/26/2010,12/14/2010,15-Sep-11,15-Sep-11,15-Sep-11,ARV,Adult,Aurobindo Pharma Limited,"Tenofovir Disoproxil Fumarate 300mg, tablets, 30 Tabs",Tenofovir Disoproxil Fumarate,Generic,300mg,Tablet,30,54245,360729.25,6.65,0.22,"Aurobindo Unit III, India",Yes,5063,10748.74,595.2
13581,102-SZ-T30,FPQ-7936,SCMS-113480,ASN-11824,Swaziland,PMO - US,Direct Drop,EXW,Air,6/21/2011,7/13/2011,28-Sep-11,28-Sep-11,28-Sep-11,HRDT,HIV test,"Orgenics, Ltd","HIV 1/2, Determine Complete HIV Kit, 100 Tests","HIV 1/2, Determine Complete HIV Kit",Determine,,Test kit,100,377,30160.0,80.0,0.8,Inverness Japan,Yes,172,4504.46,49.76
10865,104-CI-T01,Pre-PQ Process,SO-959,DN-320,Côte d'Ivoire,PMO - US,From RDC,N/A - From RDC,,Pre-PQ Process,N/A - From RDC,30-Aug-07,30-Aug-07,30-Aug-07,ARV,Pediatric,SCMS from RDC,"Efavirenz 30mg/ml [Stocrin/Sustiva], oral solution, Bottle, 180 ml",Efavirenz,Stocrin/Sustiva,30mg/ml,Oral solution,180,508,8620.76,16.97,0.09,"MSD Patheon, Canada",No,See DN-320 (ID#:10593),See DN-320 (ID#:10593),13.79
33807,106-HT-T30,FPQ-11287,SCMS-176360,ASN-21068,Haiti,PMO - US,Direct Drop,FCA,Air,1/16/2013,2/5/2013,11-Sep-13,11-Sep-13,11-Sep-13,ARV,Pediatric,ABBVIE LOGISTICS (FORMERLY ABBOTT LOGISTICS BV),"Lopinavir/Ritonavir 100/25mg [Aluvia], tablets, 60 Tabs",Lopinavir/Ritonavir,Generic,100/25mg,Tablet,60,612,3635.28,5.94,0.1,ABBVIE Ludwigshafen Germany,Yes,76,1259.05,4.5
5801,116-ZA-T01,Pre-PQ Process,SCMS-23500,ASN-2293,South Africa,PMO - US,Direct Drop,DDP,Truck,Pre-PQ Process,Date Not Captured,20-Aug-08,8-May-08,8-May-08,ARV,Adult,S. BUYS WHOLESALER,"Tenofovir Disoproxil Fumarate 300mg [Viread], tablets, 30 Tabs",Tenofovir Disoproxil Fumarate,Viread,300mg,Tablet,30,30,738.3,24.61,0.82,Gilead(Nycomed) Oranienburg DE,No,Weight Captured Separately,Freight Included in Commodity Cost,1.18
86489,111-MZ-T30,FPQ-9506,SO-41770,DN-2738,Mozambique,PMO - US,From RDC,N/A - From RDC,Truck,3/16/2012,N/A - From RDC,4-Sep-12,22-Aug-12,22-Aug-12,ARV,Pediatric,SCMS from RDC,"Nevirapine 10mg/ml, oral suspension w/syringe, Bottle, 240 ml",Nevirapine,Generic,10mg/ml,Oral suspension,240,54128,105549.6,1.95,0.01,"Aurobindo Unit III, India",No,See DN-2738 (ID#:85875),See DN-2738 (ID#:85875),147.98
25915,105-SS-T30,FPQ-15569,SCMS-272170,ASN-32109,South Sudan,PMO - US,Direct Drop,EXW,Air,12/29/2014,2/20/2015,2-Jul-15,7-Jul-15,7-Jul-15,HRDT,HIV test - Ancillary,"Orgenics, Ltd","Chase Buffer, Determine, 100 Tests, 2.5ml x 1 Vial","Chase Buffer, Determine, 100 Tests, 2.5ml x 1 Vial",Determine,,Test kit - Ancillary,1,45,225.0,5.0,5.0,"Alere Medical Co., Ltd.",Yes,Weight Captured Separately,Invoiced Separately,0.26
86445,101-CD-T30,FPQ-8840,SO-41140,DN-2504,"Congo, DRC",PMO - US,From RDC,N/A - From RDC,Air,11/21/2011,N/A - From RDC,16-Mar-12,3-Apr-12,3-Apr-12,ARV,Adult,SCMS from RDC,"Zidovudine 300mg, tablets, 60 Tabs",Zidovudine,Generic,300mg,Tablet,60,166,1165.32,7.02,0.12,Hetero Unit III Hyderabad IN,No,See DN-2504 (ID#:83559),See DN-2504 (ID#:83559),1.63
85730,106-HT-T30,FPQ-6484,SO-37760,DN-2073,Haiti,PMO - US,From RDC,N/A - From RDC,Air,10/13/2010,N/A - From RDC,20-Dec-10,5-Jan-11,5-Jan-11,ARV,Pediatric,SCMS from RDC,"Lamivudine 10mg/ml, oral solution w/syringe, Bottle, 240 ml",Lamivudine,Generic,10mg/ml,Oral solution,240,8000,14800.0,1.85,0.01,"Aurobindo Unit III, India",No,See DN-2073 (ID#:82362),See DN-2073 (ID#:82362),31.91
85580,107-RW-T30,FPQ-15622,SO-50711,DN-4200,Rwanda,PMO - US,From RDC,N/A - From RDC,Truck,12/22/2014,N/A - From RDC,6-Apr-15,20-Apr-15,20-Apr-15,ARV,Pediatric,SCMS from RDC,"Abacavir 20mg/ml, oral solution, Bottle, 240 ml",Abacavir,Generic,20mg/ml,Oral solution,240,2966,20257.78,6.83,0.03,"Aurobindo Unit III, India",Yes,1067,6310.4,23.84
81380,161-ZA-T30,FPQ-5303,SCMS-68910,ASN-7470,South Africa,PMO - US,Direct Drop,DDP,Air,3/18/2010,3/19/2010,24-Aug-10,24-Aug-10,24-Aug-10,ARV,Adult,Aurobindo Pharma Limited,"Efavirenz 600mg, tablets, 30 Tabs",Efavirenz,Generic,600mg,Tablet,30,53234,248602.78,4.67,0.16,"Aurobindo Unit III, India",Yes,4507,5886.96,535.99
22069,114-UG-T30,FPQ-12477,SCMS-198541,ASN-22496,Uganda,PMO - US,Direct Drop,EXW,Air,7/8/2013,9/10/2013,16-Nov-13,16-Nov-13,21-Nov-13,ARV,Adult,CIPLA LIMITED,"Efavirenz 600mg, tablets, 30 Tabs",Efavirenz,Generic,600mg,Tablet,30,50000,162000.0,3.24,0.11,"Cipla, Goa, India",Yes,5593,19759.68,200.39
86601,104-CI-T30,FPQ-10633,SO-43361,DN-3312,Côte d'Ivoire,PMO - US,From RDC,N/A - From RDC,Truck,9/11/2012,N/A - From RDC,30-Sep-13,13-Sep-13,13-Sep-13,ARV,Adult,SCMS from RDC,"Lamivudine/Tenofovir Disoproxil Fumarate 300/300mg, tablets, 30 Tabs",Lamivudine/Tenofovir Disoproxil Fumarate,Generic,300/300mg,Tablet - FDC,30,4900,23030.0,4.7,0.16,"Aurobindo Unit VII, IN",Yes,487,3738.53,32.29
78184,108-VN-T30,FPQ-7427,SCMS-105540,ASN-11855,Vietnam,PMO - US,Direct Drop,EXW,Air,3/31/2011,4/14/2011,21-Sep-11,21-Sep-11,21-Sep-11,ARV,Adult,HETERO LABS LIMITED,"Lamivudine/Zidovudine 150/300mg, tablets, 60 Tabs",Lamivudine/Zidovudine,Generic,150/300mg,Tablet - FDC,60,9751,79958.2,8.2,0.14,Hetero Unit III Hyderabad IN,No,See ASN-11855 (ID#:69871),See ASN-11855 (ID#:69871),131.93
83342,103-SS-T30,FPQ-16356,SO-51460,DN-4296,South Sudan,PMO - US,From RDC,N/A - From RDC,Air,5/14/2015,N/A - From RDC,25-Jun-15,19-Jun-15,23-Jun-15,ARV,Adult,SCMS from RDC,"Lamivudine/Nevirapine/Zidovudine 150/200/300mg, tablets, 60 Tabs",Lamivudine/Nevirapine/Zidovudine,Generic,150/300/200mg,Tablet - FDC,60,18600,150846.0,8.11,0.14,"Cipla, Goa, India",Yes,Weight Captured Separately,Invoiced Separately,177.55
77038,102-SZ-T30,FPQ-7281,SCMS-109440,ASN-11323,Swaziland,PMO - US,Direct Drop,EXW,Air,3/28/2011,6/16/2011,9-Aug-11,9-Aug-11,9-Aug-11,HRDT,HIV test,"Trinity Biotech, Plc","HIV 1/2, Uni-Gold HIV Kit, 20 Tests","HIV 1/2, Uni-Gold HIV Kit",Uni-Gold,,Test kit,20,1270,40640.0,32.0,1.6,"Trinity Biotech, Plc",Yes,429,4726.15,67.06
85921,104-CI-T30,FPQ-9749,SO-42370,DN-2970,Côte d'Ivoire,PMO - US,From RDC,N/A - From RDC,Truck,4/19/2012,N/A - From RDC,31-Jan-13,25-Jan-12,25-Jan-13,ARV,Adult,SCMS from RDC,"Lamivudine/Nevirapine/Zidovudine 150/200/300mg, tablets, 60 Tabs",Lamivudine/Nevirapine/Zidovudine,Generic,150/300/200mg,Tablet - FDC,60,40455,389177.1,9.62,0.16,Hetero Unit III Hyderabad IN,No,See DN-2970 (ID#:83644),See DN-2970 (ID#:83644),545.63
49660,105-SS-T30,FPQ-15569,SCMS-272150,ASN-31765,South Sudan,PMO - US,Direct Drop,EXW,Air,12/29/2014,2/20/2015,25-Jul-15,25-Jul-15,29-Jul-15,HRDT,HIV test,"Trinity Biotech, Plc","HIV 1/2, Uni-Gold HIV Kit, 20 Tests","HIV 1/2, Uni-Gold HIV Kit",Uni-Gold,,Test kit,20,10,320.0,32.0,1.6,"Trinity Biotech, Plc",No,See ASN-31765 (ID#:41640),See ASN-31765 (ID#:41640),0.38
84025,113-ZW-T30,FPQ-4694,SO-35351,DN-1948,Zimbabwe,PMO - US,From RDC,N/A - From RDC,Air,12/8/2009,N/A - From RDC,30-Jul-10,22-Jul-10,22-Jul-10,ARV,Adult,SCMS from RDC,"Lamivudine/Zidovudine 150/300mg, tablets, 60 Tabs",Lamivudine/Zidovudine,Generic,150/300mg,Tablet - FDC,60,560,4905.6,8.76,0.15,"Aurobindo Unit III, India",No,See DN-1948 (ID#:82906),See DN-1948 (ID#:82906),10.58
83445,151-NG-T30,FPQ-5023,SO-36432,DN-1883,Nigeria,PMO - US,From RDC,N/A - From RDC,Air,2/10/2010,N/A - From RDC,31-Aug-10,17-Aug-10,17-Aug-10,ARV,Adult,SCMS from RDC,"Lamivudine/Nevirapine/Zidovudine 150/200/300mg, tablets, 60 Tabs",Lamivudine/Nevirapine/Zidovudine,Generic,150/300/200mg,Tablet - FDC,60,20000,224400.0,11.22,0.19,"Aurobindo Unit III, India",Yes,2406,6147.18,483.81
23866,108-VN-T30,FPQ-3934,SCMS-48730,ASN-4803,Vietnam,PMO - US,Direct Drop,FCA,Air,7/6/2009,7/14/2009,15-Sep-09,15-Sep-09,15-Sep-09,ARV,Adult,ABBVIE LOGISTICS (FORMERLY ABBOTT LOGISTICS BV),"Lopinavir/Ritonavir 200/50mg [Aluvia], tablets, 120 Tabs",Lopinavir/Ritonavir,Aluvia,200/50mg,Tablet,120,560,46032.0,82.2,0.68,ABBVIE Ludwigshafen Germany,Yes,83,436.86,90.22
82892,117-ET-T30,FPQ-5581,SO-36690,DN-1857,Ethiopia,PMO - US,From RDC,N/A - From RDC,Air,4/28/2010,N/A - From RDC,21-Jun-10,1-Jun-10,1-Jun-10,ARV,Adult,SCMS from RDC,"Lamivudine 150mg, tablets, 60 Tabs",Lamivudine,Generic,150mg,Tablet,60,69,168.36,2.44,0.04,"Aurobindo Unit III, India",Yes,77,961.46,0.36
59917,116-ZA-T30,FPQ-14942,SCMS-259075,ASN-32138,South Africa,PMO - US,Direct Drop,DDP,Truck,9/11/2014,5/11/2015,12-May-15,12-May-15,12-May-15,ARV,Pediatric,PHARMACY DIRECT,"Abacavir 20mg/ml, oral solution, Bottle, 240 ml",Abacavir,Generic,20mg/ml,Oral solution,240,3,53.13,17.71,0.07,"Aurobindo Unit III, India",No,Weight Captured Separately,Freight Included in Commodity Cost,0.05
25760,108-VN-T30,FPQ-5899,SCMS-77430,ASN-8081,Vietnam,PMO - US,Direct Drop,EXW,Air,6/23/2010,7/1/2010,21-Sep-10,21-Sep-10,21-Sep-10,ARV,Adult,STRIDES ARCOLAB LIMITED,"Nevirapine 200mg, tablets, 60 Tabs",Nevirapine,Generic,200mg,Tablet,60,1247,3167.38,2.54,0.04,"Strides, Bangalore, India.",Yes,71,4035.45,6.83
45287,161-ZA-T30,FPQ-7175,SCMS-103340,ASN-11431,South Africa,PMO - US,Direct Drop,DDP,Ocean,3/10/2011,3/24/2011,14-Sep-11,14-Sep-11,14-Sep-11,ARV,Pediatric,Aurobindo Pharma Limited,"Efavirenz 200mg, capsule, 90 Caps",Efavirenz,Generic,200mg,Capsule,90,25000,204250.0,8.17,0.09,"Aurobindo Unit III, India",Yes,3313,5192.74,337.01
83118,110-ZM-T30,FPQ-10728,SO-43452,DN-3045,Zambia,PMO - US,From RDC,N/A - From RDC,Truck,10/5/2012,N/A - From RDC,15-Mar-13,22-Mar-13,22-Mar-13,ARV,Adult,SCMS from RDC,"Efavirenz/Emtricitabine/Tenofovir Disoproxil Fumarate 600/200/300mg, tablets, 30 Tabs",Efavirenz/Emtricitabine/Tenofovir Disoproxil Fumarate,Generic,600/200/300mg,Tablet - FDC,30,100000,1369000.0,13.69,0.46,"Cipla, Goa, India",Yes,10442,11520.85,1919.34
10641,106-HT-T01,Pre-PQ Process,SO-1288,DN-445,Haiti,PMO - US,From RDC,N/A - From RDC,Air,Pre-PQ Process,N/A - From RDC,22-Jan-08,22-Jan-08,22-Jan-08,ARV,Adult,SCMS from RDC,"Lamivudine 150mg, tablets, 60 Tabs",Lamivudine,Generic,150mg,Tablet,60,5000,15200.0,3.04,0.05,"Aurobindo Unit III, India",No,See DN-445 (ID#:10640),See DN-445 (ID#:10640),24.32
45968,108-VN-T30,FPQ-4081,SCMS-51470,ASN-4801,Vietnam,PMO - US,Direct Drop,FCA,Air,8/10/2009,8/12/2009,29-Sep-09,29-Sep-09,29-Sep-09,ARV,Adult,ABBVIE LOGISTICS (FORMERLY ABBOTT LOGISTICS BV),"Lopinavir/Ritonavir 200/50mg [Aluvia], tablets, 120 Tabs",Lopinavir/Ritonavir,Aluvia,200/50mg,Tablet,120,320,26304.0,82.2,0.68,ABBVIE Ludwigshafen Germany,Yes,88,823.94,51.56
12408,110-ZM-T01,Pre-PQ Process,SO-1066,DN-368,Zambia,PMO - US,From RDC,N/A - From RDC,,Pre-PQ Process,N/A - From RDC,2-Oct-07,2-Oct-07,2-Oct-07,ARV,Pediatric,SCMS from RDC,"Efavirenz 200mg, capsule, 90 Caps",Efavirenz,Generic,200mg,Capsule,90,604,9664.0,16.0,0.18,"Aurobindo Unit III, India",Yes,72,723.59,15.46
33665,105-GH-T30,FPQ-14050,SCMS-236690,ASN-27495,Ghana,PMO - US,Direct Drop,EXW,Air,4/12/2014,5/15/2014,11-Sep-14,11-Sep-14,11-Sep-14,ARV,Adult,MYLAN LABORATORIES LTD (FORMERLY MATRIX LABORATORIES),"Efavirenz/Lamivudine/Tenofovir Disoproxil Fumarate 600/300/300mg, tablets, 30 Tabs",Efavirenz/Lamivudine/Tenofovir Disoproxil Fumarate,Generic,600/300/300mg,Tablet - FDC,30,38692,415552.08,10.74,0.36,Mylan (formerly Matrix) Nashik,Yes,4707,32683.47,427.19
86555,110-ZM-T30,FPQ-11553,SO-44471,DN-3051,Zambia,PMO - US,From RDC,N/A - From RDC,Truck,1/28/2013,N/A - From RDC,25-Jun-13,1-Apr-13,1-Apr-13,ARV,Adult,SCMS from RDC,"Nevirapine 200mg, tablets, 60 Tabs",Nevirapine,Generic,200mg,Tablet,60,38929,87979.54,2.26,0.04,Hetero Unit III Hyderabad IN,Yes,2462,16295.56,108.83
33760,108-VN-T30,FPQ-7898,SCMS-113611,ASN-14064,Vietnam,PMO - US,Direct Drop,EXW,Air,6/27/2011,7/8/2011,29-Mar-12,29-Mar-12,29-Mar-12,ARV,Adult,STRIDES ARCOLAB LIMITED,"Efavirenz 600mg, tablets, 30 Tabs",Efavirenz,Generic,600mg,Tablet,30,18854,77301.4,4.1,0.14,"Strides, Bangalore, India.",Yes,1146,5977.2,127.55
85282,104-CI-T30,FPQ-9063,SO-41351,DN-2755,Côte d'Ivoire,PMO - US,From RDC,N/A - From RDC,Truck,12/21/2011,N/A - From RDC,31-Jul-12,31-Jul-12,31-Jul-12,ARV,Pediatric,SCMS from RDC,"Abacavir 20mg/ml, oral solution w/syringe, Bottle, 240 ml",Abacavir,Generic,20mg/ml,Oral solution,240,608,7600.0,12.5,0.05,"Aurobindo Unit III, India",Yes,223,2641.45,10.66
85995,110-ZM-T30,FPQ-11553,SO-44470,DN-3298,Zambia,PMO - US,From RDC,N/A - From RDC,Truck,1/28/2013,N/A - From RDC,22-Oct-13,22-Oct-13,11-Nov-13,ARV,Adult,SCMS from RDC,"Nevirapine 200mg, tablets, 60 Tabs",Nevirapine,Generic,200mg,Tablet,60,39180,88546.8,2.26,0.04,Hetero Unit III Hyderabad IN,No,See DN-3298 (ID#:84283),See DN-3298 (ID#:84283),109.53
86108,101-CD-T30,FPQ-14252,SO-48852,DN-3885,"Congo, DRC",PMO - US,From RDC,N/A - From RDC,Air,5/7/2014,N/A - From RDC,22-Sep-14,30-Sep-14,17-Nov-14,ARV,Adult,SCMS from RDC,"Lamivudine/Zidovudine 150/300mg, tablets, 60 Tabs",Lamivudine/Zidovudine,Generic,150/300mg,Tablet - FDC,60,3485,22722.2,6.52,0.11,Hetero Unit III Hyderabad IN,No,See DN-3885 (ID#:82693),See DN-3885 (ID#:82693),23.36
83523,900-GH-T30,FPQ-7866,SO-40000,DN-2320,Ghana,PMO - US,From RDC,N/A - From RDC,Air,6/13/2011,N/A - From RDC,14-Nov-11,14-Nov-11,14-Nov-11,ARV,Adult,SCMS from RDC,"Lamivudine/Zidovudine 150/300mg, tablets, 60 Tabs",Lamivudine/Zidovudine,Generic,150/300mg,Tablet - FDC,60,32168,265707.68,8.26,0.14,Mylan (formerly Matrix) Nashik,Yes,5199,585,438.42
51496,A02-SN-T50,FPQ-15907,SCMS-286880,ASN-32670,Senegal,PMO - US,Direct Drop,EXW,Air,2/19/2015,5/8/2015,23-Jun-15,23-Jun-15,23-Jun-15,ARV,Adult,HETERO LABS LIMITED,"Lamivudine 300mg, tablets, 30 Tabs",Lamivudine,Generic,300mg,Tablet,30,100,200.0,2.0,0.07,Hetero Unit III Hyderabad IN,Yes,Weight Captured Separately,Invoiced Separately,0.24
83283,111-MZ-T30,FPQ-14226,SO-48885,DN-3957,Mozambique,PMO - US,From RDC,N/A - From RDC,Truck,5/2/2014,N/A - From RDC,31-Dec-14,1-Dec-14,1-Dec-14,ARV,Adult,SCMS from RDC,"Efavirenz/Lamivudine/Tenofovir Disoproxil Fumarate 600/300/300mg, tablets, 30 Tabs",Efavirenz/Lamivudine/Tenofovir Disoproxil Fumarate,Generic,600/300/300mg,Tablet - FDC,30,460041,4959241.98,10.78,0.36,Mylan (formerly Matrix) Nashik,Yes,56314,53110.46,5098.1
48825,108-VN-T30,FPQ-15692,SCMS-281670,ASN-32017,Vietnam,PMO - US,Direct Drop,EXW,Air,1/28/2015,3/19/2015,13-Jul-15,13-Jul-15,14-Jul-15,ARV,Adult,HETERO LABS LIMITED,"Tenofovir Disoproxil Fumarate 300mg, tablets, 30 Tabs",Tenofovir Disoproxil Fumarate,Generic,300mg,Tablet,30,22700,71505.0,3.15,0.1,Hetero Unit III Hyderabad IN,Yes,Weight Captured Separately,Invoiced Separately,84.16
83305,114-UG-T30,FPQ-15638,SO-50640,DN-4105,Uganda,PMO - US,From RDC,N/A - From RDC,Truck,12/22/2014,N/A - From RDC,27-Feb-15,25-Feb-15,5-Mar-15,ARV,Adult,SCMS from RDC,"Lopinavir/Ritonavir 200/50mg [Aluvia], tablets, 120 Tabs",Lopinavir/Ritonavir,Aluvia,200/50mg,Tablet,120,9833,185843.7,18.9,0.16,ABBVIE Ludwigshafen Germany,Yes,2033,9482.19,218.74
68496,106-HT-T30,FPQ-15038,SCMS-262980,ASN-30463,Haiti,PMO - US,Direct Drop,EXW,Ocean,10/22/2014,1/7/2015,9-Apr-15,9-Apr-15,13-Apr-15,ARV,Adult,HETERO LABS LIMITED,"Tenofovir Disoproxil Fumarate 300mg, tablets, 30 Tabs",Tenofovir Disoproxil Fumarate,Generic,300mg,Tablet,30,336,1192.8,3.55,0.12,Hetero Unit III Hyderabad IN,No,See ASN-30463 (ID#:15460),See ASN-30463 (ID#:15460),1.23
85263,106-HT-T30,FPQ-9056,SO-41310,DN-2667,Haiti,PMO - US,From RDC,N/A - From RDC,Air,12/20/2011,N/A - From RDC,29-Jun-12,6-Jun-12,6-Jun-12,ARV,Adult,SCMS from RDC,"Lamivudine/Tenofovir Disoproxil Fumarate 300/300mg, tablets, 30 Tabs",Lamivudine/Tenofovir Disoproxil Fumarate,Generic,300/300mg,Tablet - FDC,30,50928,282141.12,5.54,0.18,"Cipla, Kurkumbh, India",Yes,5456,53775.56,395.56
31912,114-UG-T30,FPQ-13816,SCMS-231320,ASN-26091,Uganda,PMO - US,Direct Drop,EXW,Air,2/27/2014,3/20/2014,14-Jun-14,14-Jun-14,14-Jun-14,HRDT,HIV test,"CHEMBIO DIAGNOSTIC SYSTEMS, INC.","HIV 1/2, Stat-Pak Dipstick Assay Kit, 30 Tests","HIV 1/2, Stat-Pak Dipstick Assay Kit",Stat-Pak,,Test kit,30,5424,149702.4,27.6,0.92,Chembio Diagnostics Sys. Inc.,Yes,606,3790.99,153.89
22616,161-ZA-T30,FPQ-7175,SCMS-123590,ASN-13054,South Africa,PMO - US,Direct Drop,DDP,Ocean,3/10/2011,9/30/2011,16-Jan-12,16-Jan-12,16-Jan-12,ARV,Adult,Aurobindo Pharma Limited,"Efavirenz 600mg, tablets, 30 Tabs",Efavirenz,Generic,600mg,Tablet,30,128620,547921.2,4.26,0.14,"Aurobindo Unit III, India",Yes,10643,7292.26,904.07
8803,109-TZ-T01,Pre-PQ Process,SCMS-34690,ASN-3853,Tanzania,PMO - US,Direct Drop,CIP,Air,Pre-PQ Process,12/30/2008,15-Jun-09,15-Jun-09,15-Jun-09,ARV,Adult,MERCK SHARP & DOHME IDEA GMBH (FORMALLY MERCK SHARP & DOHME B.V.),"Efavirenz/Emtricitabine/Tenofovir Disoproxil Fumarate 600/200/300mg [Atripla], tablets, 30 Tabs",Efavirenz/Emtricitabine/Tenofovir Disoproxil Fumarate,Atripla,600/200/300mg,Tablet - FDC,30,2680,135072.0,50.4,1.68,"MSD, Haarlem, NL",No,See ASN-3853 (ID#:4824),See ASN-3853 (ID#:4824),264.74
19627,111-MZ-T30,FPQ-15324,SCMS-264780,ASN-30261,Mozambique,PMO - US,Direct Drop,EXW,Air,11/12/2014,11/19/2014,10-Feb-15,10-Feb-15,18-Feb-15,HRDT,HIV test - Ancillary,"Orgenics, Ltd","Chase Buffer, Determine, 100 Tests, 2.5ml x 1 Vial","Chase Buffer, Determine, 100 Tests, 2.5ml x 1 Vial",Determine,,Test kit - Ancillary,1,60,300.0,5.0,5.0,"Alere Medical Co., Ltd.",Yes,Weight Captured Separately,Invoiced Separately,0.35
5509,116-ZA-T01,Pre-PQ Process,SCMS-14050,ASN-1251,South Africa,PMO - US,Direct Drop,DDP,,Pre-PQ Process,11/12/2007,29-Jan-08,29-Jan-08,29-Jan-08,ARV,Adult,"JSI R&T INSTITUTE, INC.","Lopinavir/Ritonavir 133.3/33.3mg [Kaletra], capsules, cool, 2 x 90 Caps",Lopinavir/Ritonavir,Kaletra,133.3/33.3mg,Capsule,180,400,19304.0,48.26,0.27,ABBVIE (Abbott) Logis. UK,No,Weight Captured Separately,Freight Included in Commodity Cost,30.89
12056,112-NG-T01,Pre-PQ Process,SO-563,DN-209,Nigeria,PMO - US,From RDC,N/A - From RDC,,Pre-PQ Process,N/A - From RDC,3-Jul-07,3-Jul-07,3-Jul-07,ARV,Pediatric,SCMS from RDC,"Nevirapine 10mg/ml, oral suspension, Bottle, 240 ml",Nevirapine,Generic,10mg/ml,Oral suspension,240,313,1940.6,6.2,0.03,"Aurobindo Unit III, India",No,See DN-209 (ID#:11136),See DN-209 (ID#:11136),3.1
86797,114-UG-T30,FPQ-15639,SO-50670,DN-4215,Uganda,PMO - US,From RDC,N/A - From RDC,Truck,12/22/2014,N/A - From RDC,30-Apr-15,22-Apr-15,24-Apr-15,ARV,Adult,SCMS from RDC,"Lamivudine/Nevirapine/Zidovudine 150/200/300mg, tablets, 60 Tabs",Lamivudine/Nevirapine/Zidovudine,Generic,150/300/200mg,Tablet - FDC,60,21667,167269.24,7.72,0.13,Mylan (formerly Matrix) Nashik,No,Weight Captured Separately,Freight Included in Commodity Cost,196.88
83428,109-TZ-T30,FPQ-5237,SO-36042,DN-1835,Tanzania,PMO - US,From RDC,N/A - From RDC,Air,3/1/2010,N/A - From RDC,21-Jul-10,21-May-10,21-May-10,ARV,Adult,SCMS from RDC,"Nevirapine 200mg, tablets, 60 Tabs",Nevirapine,Generic,200mg,Tablet,60,40000,109200.0,2.73,0.05,"Strides, Bangalore, India.",Yes,6240,27922.62,235.44
42195,116-ZA-T30,FPQ-11828,SCMS-183950,ASN-19166,South Africa,South Africa Field Office,Direct Drop,DDP,Truck,3/18/2013,Date Not Captured,16-Apr-13,16-Apr-13,16-Apr-13,ARV,Adult,S. BUYS WHOLESALER,"Tenofovir Disoproxil Fumarate 300mg, tablets, 30 Tabs",Tenofovir Disoproxil Fumarate,Generic,300mg,Tablet,30,6304,129614.89,20.56,0.69,"Cipla, Goa, India",No,Weight Captured Separately,Freight Included in Commodity Cost,160.33
48438,114-UG-T30,FPQ-6504,SCMS-91710,ASN-9454,Uganda,PMO - US,Direct Drop,CIP,Air,10/31/2010,11/18/2010,27-Jan-11,27-Jan-11,27-Jan-11,ARV,Adult,MERCK SHARP & DOHME IDEA GMBH (FORMALLY MERCK SHARP & DOHME B.V.),"Raltegravir 400mg [Isentress], tablets, 60 Tabs",Raltegravir,Isentress,400mg,Tablet,60,223,20404.5,91.5,1.52,"MSD, Haarlem, NL",Yes,21,761,33.67
85751,104-CI-T30,FPQ-6499,SO-37730,DN-2158,Côte d'Ivoire,PMO - US,From RDC,N/A - From RDC,Air,10/4/2010,N/A - From RDC,24-Mar-11,7-Jun-11,7-Jun-11,ARV,Adult,SCMS from RDC,"Efavirenz/Emtricitabine/Tenofovir Disoproxil Fumarate 600/200/300mg, tablets, 30 Tabs",Efavirenz/Emtricitabine/Tenofovir Disoproxil Fumarate,Generic,600/200/300mg,Tablet - FDC,30,300,5976.0,19.92,0.66,Mylan (formerly Matrix) Nashik,No,See DN-2158 (ID#:84075),See DN-2158 (ID#:84075),9.86
86047,104-CI-T30,FPQ-12144,SO-45631,DN-3547,Côte d'Ivoire,PMO - US,From RDC,N/A - From RDC,Truck,4/22/2013,N/A - From RDC,28-Feb-14,18-Jan-14,4-Mar-14,ARV,Adult,SCMS from RDC,"Lamivudine/Tenofovir Disoproxil Fumarate 300/300mg, tablets, 30 Tabs",Lamivudine/Tenofovir Disoproxil Fumarate,Generic,300/300mg,Tablet - FDC,30,5173,24313.1,4.7,0.16,"Cipla, Kurkumbh, India",No,See DN-3547 (ID#:83763),See DN-3547 (ID#:83763),30.08
84218,110-ZM-T30,FPQ-10728,SO-43451,DN-3003,Zambia,PMO - US,From RDC,N/A - From RDC,Truck,10/5/2012,N/A - From RDC,15-Mar-13,19-Feb-13,19-Feb-13,ARV,Adult,SCMS from RDC,"Efavirenz/Emtricitabine/Tenofovir Disoproxil Fumarate 600/200/300mg, tablets, 30 Tabs",Efavirenz/Emtricitabine/Tenofovir Disoproxil Fumarate,Generic,600/200/300mg,Tablet - FDC,30,30114,412260.66,13.69,0.46,Mylan (formerly Matrix) Nashik,Yes,1230,6923.53,577.99
83083,111-MZ-T30,FPQ-10210,SO-42820,DN-2862,Mozambique,PMO - US,From RDC,N/A - From RDC,Truck,6/28/2012,N/A - From RDC,31-Oct-12,10-Oct-12,10-Oct-12,ARV,Adult,SCMS from RDC,"Nevirapine 200mg, tablets, 60 Tabs",Nevirapine,Generic,200mg,Tablet,60,3167,7664.14,2.42,0.04,Mylan (formerly Matrix) Nashik,Yes,775,3855.94,10.75
82355,105-GY-T30,FPQ-6307,SO-37410,DN-2038,Guyana,PMO - US,From RDC,N/A - From RDC,Air,8/30/2010,N/A - From RDC,23-Nov-10,13-Nov-10,13-Nov-10,ARV,Pediatric,SCMS from RDC,"Didanosine 100mg, chewable/dispersible tablets, 60 Tabs",Didanosine,Generic,100mg,Chewable/dispersible tablet,60,336,2593.92,7.72,0.13,"Aurobindo Unit III, India",Yes,89,1221.83,5.59
34336,116-ZA-T30,FPQ-13973,SCMS-238550,ASN-30792,South Africa,PMO - US,Direct Drop,DDP,Truck,4/30/2014,5/8/2014,19-Feb-15,19-Feb-15,19-Feb-15,ARV,Adult,PHARMACY DIRECT,"Tenofovir Disoproxil Fumarate 300mg, tablets, 30 Tabs",Tenofovir Disoproxil Fumarate,Generic,300mg,Tablet,30,3,57.36,19.12,0.64,Mylan (formerly Matrix) Nashik,No,Weight Captured Separately,Freight Included in Commodity Cost,0.06
57902,104-CI-T30,FPQ-3967,SCMS-52691,ASN-5781,Côte d'Ivoire,PMO - US,Direct Drop,CIP,Air,8/21/2009,11/2/2009,15-Jan-10,15-Jan-10,15-Jan-10,ARV,Pediatric,BRISTOL-MYERS SQUIBB,"Didanosine 50mg [Videx], chewable tablets, 60 Tabs",Didanosine,Videx,50mg,Chewable/dispersible tablet,60,386,3667.0,9.5,0.16,"BMS Meymac, France",Yes,78,570.75,7.19
70750,105-SS-T30,FPQ-14470,SCMS-245240,ASN-29503,South Sudan,PMO - US,Direct Drop,EXW,Air,6/17/2014,7/1/2014,9-Jan-15,9-Jan-15,19-Jan-15,HRDT,HIV test,"Trinity Biotech, Plc","HIV 1/2, Uni-Gold HIV Kit, 20 Tests","HIV 1/2, Uni-Gold HIV Kit",Uni-Gold,,Test kit,20,450,14400.0,32.0,1.6,"Trinity Biotech, Plc",No,See ASN-29503 (ID#:13571),See ASN-29503 (ID#:13571),14.8
83541,100-ZW-T30,FPQ-7559,SO-39550,DN-2390,Zimbabwe,PMO - US,From RDC,N/A - From RDC,Truck,4/29/2011,N/A - From RDC,31-Oct-11,21-Oct-11,21-Oct-11,ARV,Pediatric,SCMS from RDC,"Lamivudine/Zidovudine 30/60mg, tablets, 60 Tabs",Lamivudine/Zidovudine,Generic,30/60mg,Tablet - FDC,60,12733,38071.67,2.99,0.05,Mylan (formerly Matrix) Nashik,Yes,496,5257.35,62.82
82634,111-MZ-T30,FPQ-11884,SO-44860,DN-3484,Mozambique,PMO - US,From RDC,N/A - From RDC,Truck,3/19/2013,N/A - From RDC,31-Jan-14,20-Feb-14,19-Mar-14,ARV,Adult,SCMS from RDC,"Efavirenz/Lamivudine/Tenofovir Disoproxil Fumarate 600/300/300mg, tablets, 30 Tabs",Efavirenz/Lamivudine/Tenofovir Disoproxil Fumarate,Generic,600/300/300mg,Tablet - FDC,30,80071,892791.65,11.15,0.37,"Aurobindo Unit VII, IN",Yes,18838,7928.11,1104.38
47653,116-ZA-T30,FPQ-14942,SCMS-259071,ASN-29596,South Africa,PMO - US,Direct Drop,DDP,Truck,9/11/2014,11/28/2014,28-Nov-14,28-Nov-14,28-Nov-14,ARV,Adult,PHARMACY DIRECT,"Etravirine 100mg [Intelence], tablets, 120 Tabs",Etravirine,Intelence,100mg,Tablet,120,33,844.57,25.59,0.21,"Janssen-Cilag, Latina, IT",No,Weight Captured Separately,Freight Included in Commodity Cost,0.87
24187,161-ZA-T30,FPQ-6262,SCMS-83830,ASN-9486,South Africa,PMO - US,Direct Drop,DDP,Ocean,8/31/2010,9/24/2010,1-Feb-11,4-Mar-11,4-Mar-11,ARV,Adult,Aurobindo Pharma Limited,"Efavirenz 600mg, tablets, 30 Tabs",Efavirenz,Generic,600mg,Tablet,30,116218,526467.54,4.53,0.15,"Aurobindo Unit III, India",Yes,12410,10446.37,1135.06
35559,116-ZA-T30,FPQ-12522,SCMS-199283,ASN-27976,South Africa,PMO - US,Direct Drop,DDP,Truck,7/11/2013,8/27/2014,27-Aug-14,27-Aug-14,27-Aug-14,ARV,Pediatric,S. BUYS WHOLESALER,"Efavirenz 50mg, capsule, 30 Caps",Efavirenz,Generic,50mg,Capsule,30,18,59.69,3.32,0.11,"Aurobindo Unit III, India",No,Weight Captured Separately,Freight Included in Commodity Cost,0.07
43116,116-ZA-T30,FPQ-13035,SCMS-215370,ASN-24415,South Africa,PMO - US,Direct Drop,DDP,Truck,10/8/2013,12/2/2013,6-Feb-14,6-Feb-14,6-Feb-14,ARV,Pediatric,S. BUYS WHOLESALER,"Lamivudine 10mg/ml, oral solution w/syringe, Bottle, 240 ml",Lamivudine,Generic,10mg/ml,Oral solution,240,44,311.64,7.08,0.03,"Aurobindo Unit III, India",No,Weight Captured Separately,Freight Included in Commodity Cost,0.39
65545,116-ZA-T30,FPQ-13973,SCMS-238554,ASN-28627,South Africa,PMO - US,Direct Drop,DDP,Truck,4/30/2014,10/3/2014,3-Oct-14,3-Oct-14,3-Oct-14,ARV,Adult,PHARMACY DIRECT,"Tenofovir Disoproxil Fumarate 300mg, tablets, 30 Tabs",Tenofovir Disoproxil Fumarate,Generic,300mg,Tablet,30,43,822.19,19.12,0.64,Mylan (formerly Matrix) Nashik,No,Weight Captured Separately,Freight Included in Commodity Cost,0.85
10745,112-NG-T01,Pre-PQ Process,SO-2728,DN-917,Nigeria,PMO - US,From RDC,N/A - From RDC,Air,Pre-PQ Process,N/A - From RDC,24-Sep-08,24-Sep-08,24-Sep-08,ARV,Adult,SCMS from RDC,"Lamivudine 150mg, tablets, 60 Tabs",Lamivudine,Generic,150mg,Tablet,60,1017,2949.3,2.9,0.05,"Aurobindo Unit III, India",Yes,892,13353.34,4.72
67634,116-ZA-T30,FPQ-13973,SCMS-238554,ASN-28629,South Africa,PMO - US,Direct Drop,DDP,Truck,4/30/2014,10/3/2014,3-Oct-14,3-Oct-14,3-Oct-14,ARV,Adult,PHARMACY DIRECT,"Etravirine 100mg [Intelence], tablets, 120 Tabs",Etravirine,Intelence,100mg,Tablet,120,33,1168.83,35.42,0.3,"Janssen-Cilag, Latina, IT",Yes,Weight Captured Separately,Freight Included in Commodity Cost,1.2
11607,114-UG-T01,Pre-PQ Process,SO-17753,DN-1084,Uganda,PMO - US,From RDC,N/A - From RDC,Air,Pre-PQ Process,N/A - From RDC,5-Mar-09,5-Mar-09,5-Mar-09,ARV,Adult,SCMS from RDC,"Nevirapine 200mg, tablets, 60 Tabs",Nevirapine,Generic,200mg,Tablet,60,1524,4876.8,3.2,0.05,"Aurobindo Unit III, India",No,See DN-1084 (ID#:11295),See DN-1084 (ID#:11295),9.56
6519,102-BW-T01,Pre-PQ Process,SCMS-45090,ASN-4215,Botswana,PMO - US,Direct Drop,EXW,Air,Pre-PQ Process,4/30/2009,10-Jul-09,10-Jul-09,10-Jul-09,HRDT,HIV test,"Orgenics, Ltd","HIV 1/2, Determine HIV Kit, without Lancets, 100 Tests","HIV 1/2, Determine HIV Kit, without Lancets",Determine,,Test kit,100,1200,84000.0,70.0,0.7,Inverness Japan,Yes,274,3321.08,164.64
86644,109-TZ-T30,FPQ-12587,SO-47520,DN-3500,Tanzania,PMO - US,From RDC,N/A - From RDC,Truck,7/4/2013,N/A - From RDC,31-Jan-14,7-Mar-14,12-Mar-14,ARV,Pediatric,SCMS from RDC,"Efavirenz 200mg, scored tablets, 90 Tabs",Efavirenz,Generic,200mg,Tablet,90,21596,200842.8,9.3,0.1,"Strides, Bangalore, India.",Yes,1336,5033.8,248.44
66175,108-VN-T30,FPQ-5317,SCMS-69720,ASN-7237,Vietnam,PMO - US,Direct Drop,EXW,Air,3/22/2010,3/29/2010,2-Jul-10,2-Jul-10,2-Jul-10,ARV,Adult,MYLAN LABORATORIES LTD (FORMERLY MATRIX LABORATORIES),"Tenofovir Disoproxil Fumarate 300mg, tablets, 30 Tabs",Tenofovir Disoproxil Fumarate,Generic,300mg,Tablet,30,12084,84588.0,7.0,0.23,Mylan (formerly Matrix) Nashik,No,See ASN-7237 (ID#:50231),See ASN-7237 (ID#:50231),182.37
23993,100-DO-T30,FPQ-6126,SCMS-83580,ASN-8577,Dominican Republic,PMO - US,Direct Drop,EXW,Truck,8/19/2010,9/2/2010,22-Oct-10,22-Oct-10,22-Oct-10,ARV,Adult,"ABBVIE, SRL (FORMALLY ABBOTT LABORATORIES INTERNATIONAL CO.)","Ritonavir 100mg [Norvir], capsules, cool, 2 x 84 Caps",Ritonavir,Norvir,100mg,Capsule,168,52,7488.0,144.0,0.86,ABBVIE (Abbott) St. P'burg USA,Yes,Weight Captured Separately,Invoiced Separately,16.14
83422,105-GY-T30,FPQ-5470,SO-36640,DN-1800,Guyana,PMO - US,From RDC,N/A - From RDC,Air,4/7/2010,N/A - From RDC,30-Jun-10,27-May-10,27-May-10,ARV,Pediatric,SCMS from RDC,"Lamivudine 10mg/ml, oral solution, Bottle, 240 ml",Lamivudine,Generic,10mg/ml,Oral solution,240,471,942.0,2.0,0.01,"Cipla, Goa, India",Yes,221,3170.64,2.03
67225,105-SS-T30,FPQ-15569,SCMS-272150,ASN-31765,South Sudan,PMO - US,Direct Drop,EXW,Air,12/29/2014,2/20/2015,25-Jul-15,25-Jul-15,29-Jul-15,HRDT,HIV test,"Trinity Biotech, Plc","HIV 1/2, Uni-Gold HIV Kit, 20 Tests","HIV 1/2, Uni-Gold HIV Kit",Uni-Gold,,Test kit,20,18,576.0,32.0,1.6,"Trinity Biotech, Plc",No,See ASN-31765 (ID#:41640),See ASN-31765 (ID#:41640),0.68
86796,104-CI-T30,FPQ-15259,SO-50101,DN-4211,Côte d'Ivoire,PMO - US,From RDC,N/A - From RDC,Truck,10/24/2014,N/A - From RDC,19-Jun-15,16-Apr-15,20-Apr-15,ARV,Adult,SCMS from RDC,"Lamivudine/Tenofovir Disoproxil Fumarate 300/300mg, tablets, 30 Tabs",Lamivudine/Tenofovir Disoproxil Fumarate,Generic,300/300mg,Tablet - FDC,30,8250,37867.5,4.59,0.15,"Cipla, Kurkumbh, India",Yes,821,6695.9,44.57
83244,104-CI-T30,FPQ-11254,SO-44141,DN-3681,Côte d'Ivoire,PMO - US,From RDC,N/A - From RDC,Truck,12/14/2012,N/A - From RDC,15-May-14,12-May-14,30-Jun-14,ARV,Pediatric,SCMS from RDC,"Lamivudine/Nevirapine/Zidovudine 30/50/60mg, dispersible tablets, 60 Tabs",Lamivudine/Nevirapine/Zidovudine,Generic,30/50/60mg,Chewable/dispersible tablet - FDC,60,3200,12000.0,3.75,0.06,Mylan (formerly Matrix) Nashik,Yes,166,1137.18,14.84
11635,151-NG-T01,Pre-PQ Process,SO-22527,DN-1209,Nigeria,PMO - US,From RDC,N/A - From RDC,Air Charter,Pre-PQ Process,N/A - From RDC,8-May-09,8-May-09,8-May-09,ARV,Adult,SCMS from RDC,"Lamivudine/Nevirapine/Zidovudine 150/200/300mg, tablets, 60 Tabs",Lamivudine/Nevirapine/Zidovudine,Generic,150/300/200mg,Tablet - FDC,60,1,11.4,11.4,0.19,"Aurobindo Unit III, India",No,See DN-1209 (ID#:10763),See DN-1209 (ID#:10763),0.02
83567,101-CD-T30,FPQ-8840,SO-41381,DN-2523,"Congo, DRC",PMO - US,From RDC,N/A - From RDC,Air,11/21/2011,N/A - From RDC,22-Mar-12,22-Mar-12,22-Mar-12,ARV,Adult,SCMS from RDC,"Lamivudine 150mg, tablets, 60 Tabs",Lamivudine,Generic,150mg,Tablet,60,67,156.11,2.33,0.04,Hetero Unit III Hyderabad IN,Yes,4,491.42,0.22
84891,114-UG-T30,FPQ-12253,SO-45531,DN-3534,Uganda,PMO - US,From RDC,N/A - From RDC,Truck,5/8/2013,N/A - From RDC,31-Jan-14,19-Mar-14,20-Mar-14,ARV,Adult,SCMS from RDC,"Lamivudine/Tenofovir Disoproxil Fumarate 300/300mg, tablets, 30 Tabs",Lamivudine/Tenofovir Disoproxil Fumarate,Generic,300/300mg,Tablet - FDC,30,52800,248160.0,4.7,0.16,Hetero Unit III Hyderabad IN,Yes,5412,6951.84,306.97
5507,116-ZA-T01,Pre-PQ Process,SCMS-14050,ASN-1251,South Africa,PMO - US,Direct Drop,DDP,,Pre-PQ Process,11/12/2007,29-Jan-08,29-Jan-08,29-Jan-08,ARV,Adult,"JSI R&T INSTITUTE, INC.","Efavirenz 600mg [Stocrin/Sustiva], tablets, 30 Tabs",Efavirenz,Stocrin/Sustiva,600mg,Tablet,30,600,12996.0,21.66,0.72,"MSD Midrand, J'burg, SA",No,Weight Captured Separately,Freight Included in Commodity Cost,20.79
29979,108-VN-T30,FPQ-6384,SCMS-87750,ASN-9090,Vietnam,PMO - US,Direct Drop,EXW,Air,9/30/2010,10/14/2010,21-Dec-10,21-Dec-10,21-Dec-10,ARV,Adult,MYLAN LABORATORIES LTD (FORMERLY MATRIX LABORATORIES),"Abacavir 300mg, tablets, 60 Tabs",Abacavir,Generic,300mg,Tablet,60,270,4050.0,15.0,0.25,Mylan (formerly Matrix) Nashik,Yes,358,5294.24,8.73
11267,113-ZW-T01,Pre-PQ Process,SO-1873,DN-773,Zimbabwe,PMO - US,From RDC,N/A - From RDC,Air,Pre-PQ Process,N/A - From RDC,17-Jun-08,17-Jun-08,17-Jun-08,HRDT,HIV test,SCMS from RDC,"HIV 1/2, Determine HIV Kit, without Lancets, 100 Tests","HIV 1/2, Determine HIV Kit, without Lancets",Determine,,Test kit,100,550,39594.5,71.99,0.72,Inverness Japan,Yes,161,939.12,63.35
84778,104-CI-T30,FPQ-9749,SO-42410,DN-2957,Côte d'Ivoire,PMO - US,From RDC,N/A - From RDC,Truck,4/19/2012,N/A - From RDC,31-Jan-13,14-Jan-13,14-Jan-13,ARV,Pediatric,SCMS from RDC,"Lamivudine/Nevirapine/Zidovudine 30/50/60mg, dispersible tablets, 60 Tabs",Lamivudine/Nevirapine/Zidovudine,Generic,30/50/60mg,Chewable/dispersible tablet - FDC,60,5701,23659.15,4.15,0.07,Mylan (formerly Matrix) Nashik,Yes,338,3487.55,33.17
58744,108-VN-T30,FPQ-16194,SCMS-285490,ASN-33145,Vietnam,PMO - US,Direct Drop,EXW,Air,4/14/2015,5/13/2015,7-Sep-15,7-Sep-15,7-Sep-15,ARV,Adult,HETERO LABS LIMITED,"Efavirenz/Lamivudine/Tenofovir Disoproxil Fumarate 600/300/300mg, tablets, 30 Tabs",Efavirenz/Lamivudine/Tenofovir Disoproxil Fumarate,Generic,600/300/300mg,Tablet - FDC,30,17760,168720.0,9.5,0.32,Hetero Unit III Hyderabad IN,Yes,Weight Captured Separately,Invoiced Separately,198.58
5532,107-RW-T01,Pre-PQ Process,SCMS-14630,ASN-1198,Rwanda,PMO - US,Direct Drop,EXW,Air,Pre-PQ Process,12/10/2007,31-Jan-08,28-Jan-08,28-Jan-08,HRDT,HIV test,"Orgenics, Ltd","HIV 1/2, Determine HIV Kit, without Lancets, 100 Tests","HIV 1/2, Determine HIV Kit, without Lancets",Determine,,Test kit,100,1500,107985.0,71.99,0.72,Inverness Japan,Yes,340,9479.89,172.78
43136,102-KE-T30,FPQ-4250,SCMS-55902,ASN-5662,Kenya,PMO - US,Direct Drop,EXW,Air,9/16/2009,10/23/2009,18-Jan-10,18-Jan-10,18-Jan-10,HRDT,HIV test,"Orgenics, Ltd","HIV 1/2, Determine Complete HIV Kit, 100 Tests","HIV 1/2, Determine Complete HIV Kit",Determine,,Test kit,100,3000,240000.0,80.0,0.8,Inverness Japan,Yes,907,9014.8,470.4
41852,116-ZA-T30,FPQ-14942,SCMS-259073,ASN-30671,South Africa,PMO - US,Direct Drop,DDP,Truck,9/11/2014,2/12/2015,12-Feb-15,12-Feb-15,12-Feb-15,ARV,Pediatric,PHARMACY DIRECT,"Lamivudine 10mg/ml, oral solution, Bottle, 240 ml",Lamivudine,Generic,10mg/ml,Oral solution,240,7,36.18,5.17,0.02,"Aurobindo Unit III, India",No,Weight Captured Separately,Freight Included in Commodity Cost,0.04
67600,110-ZM-T30,FPQ-5987,SCMS-77910,ASN-8037,Zambia,PMO - US,Direct Drop,CIP,Air,6/29/2010,11/17/2009,15-Sep-10,15-Sep-10,15-Sep-10,ARV,Adult,ABBVIE LOGISTICS (FORMERLY ABBOTT LOGISTICS BV),"Lopinavir/Ritonavir 200/50mg [Aluvia], tablets, 120 Tabs",Lopinavir/Ritonavir,Aluvia,200/50mg,Tablet,120,22000,816200.0,37.1,0.31,ABBVIE Ludwigshafen Germany,Yes,4959,2173.4,1759.73
15695,117-ET-T30,FPQ-4752,SCMS-61200,ASN-6004,Ethiopia,PMO - US,Direct Drop,EXW,Air,12/23/2009,12/29/2009,9-Feb-10,9-Feb-10,9-Feb-10,ARV,Adult,STRIDES ARCOLAB LIMITED,"Lamivudine/Stavudine 150/30mg, tablets, 60 Tabs",Lamivudine/Stavudine,Generic,150/30mg,Tablet - FDC,60,71596,241278.52,3.37,0.06,"Strides, Bangalore, India.",Yes,3652,15236.52,520.2
35968,108-VN-T30,FPQ-15692,SCMS-274390,ASN-32270,Vietnam,PMO - US,Direct Drop,EXW,Air,1/28/2015,2/17/2015,10-Jul-15,10-Jul-15,10-Jul-15,ARV,Adult,HETERO LABS LIMITED,"Efavirenz 600mg, tablets, 30 Tabs",Efavirenz,Generic,600mg,Tablet,30,14000,49000.0,3.5,0.12,Hetero Unit III Hyderabad IN,Yes,1400,2859.58,57.67
82761,107-RW-T30,FPQ-14893,SO-49990,DN-4055,Rwanda,PMO - US,From RDC,N/A - From RDC,Air,10/15/2014,N/A - From RDC,31-Jan-15,24-Dec-14,31-Dec-14,ARV,Adult,SCMS from RDC,"Tenofovir Disoproxil Fumarate 300mg, tablets, 30 Tabs",Tenofovir Disoproxil Fumarate,Generic,300mg,Tablet,30,189,691.74,3.66,0.12,Hetero Unit III Hyderabad IN,Yes,15,925.6,0.71
84312,104-CI-T30,FPQ-12800,SO-46370,DN-3470,Côte d'Ivoire,PMO - US,From RDC,N/A - From RDC,Air,8/9/2013,N/A - From RDC,16-Dec-13,16-Dec-13,20-Jan-14,ARV,Pediatric,SCMS from RDC,"Lamivudine/Nevirapine/Zidovudine 30/50/60mg, dispersible tablets, 60 Tabs",Lamivudine/Nevirapine/Zidovudine,Generic,30/50/60mg,Chewable/dispersible tablet - FDC,60,5800,22562.0,3.89,0.06,"Strides, Bangalore, India.",Yes,248,2431.36,27.91
86709,103-ZW-T30,FPQ-13967,SO-48441,DN-3823,Zimbabwe,PMO - US,From RDC,N/A - From RDC,Truck,4/2/2014,N/A - From RDC,30-Sep-14,29-Jun-14,4-Aug-14,ARV,Pediatric,SCMS from RDC,"Lamivudine/Nevirapine/Zidovudine 30/50/60mg, dispersible tablets, 60 Tabs",Lamivudine/Nevirapine/Zidovudine,Generic,30/50/60mg,Chewable/dispersible tablet - FDC,60,66023,246265.79,3.73,0.06,"Cipla, Goa, India",Yes,5780,15789.2,253.16
11188,110-ZM-T01,Pre-PQ Process,SO-572,DN-388,Zambia,PMO - US,From RDC,N/A - From RDC,,Pre-PQ Process,N/A - From RDC,9-Nov-07,9-Nov-07,9-Nov-07,ARV,Adult,SCMS from RDC,"Nevirapine 200mg, tablets, 60 Tabs",Nevirapine,Generic,200mg,Tablet,60,52864,188724.48,3.57,0.06,"Aurobindo Unit III, India",Yes,5989,19590.04,301.96
85051,111-MZ-T30,FPQ-16268,SO-51410,DN-4317,Mozambique,PMO - US,From RDC,N/A - From RDC,Truck,4/23/2015,N/A - From RDC,22-Oct-15,20-Aug-15,3-Sep-15,ARV,Adult,SCMS from RDC,"Efavirenz/Lamivudine/Tenofovir Disoproxil Fumarate 600/300/300mg, tablets, 30 Tabs",Efavirenz/Lamivudine/Tenofovir Disoproxil Fumarate,Generic,600/300/300mg,Tablet - FDC,30,134500,1343655.0,9.99,0.33,Cipla Ltd A-42 MIDC Mahar. IN,Yes,18177,Freight Included in Commodity Cost,1581.48
65716,106-HT-T30,FPQ-8537,SCMS-126310,ASN-13152,Haiti,PMO - US,Direct Drop,EXW,Air,10/19/2011,11/1/2011,22-Dec-11,22-Dec-11,22-Dec-11,ARV,Adult,MYLAN LABORATORIES LTD (FORMERLY MATRIX LABORATORIES),"Efavirenz/Lamivudine/Tenofovir Disoproxil Fumarate 600/300/300mg, tablets, 30 Tabs",Efavirenz/Lamivudine/Tenofovir Disoproxil Fumarate,Generic,600/300/300mg,Tablet - FDC,30,5500,77550.0,14.1,0.47,Mylan (formerly Matrix) Nashik,Yes,647,4877.34,108.73
11204,104-CI-T01,Pre-PQ Process,SO-604,DN-446,Côte d'Ivoire,PMO - US,From RDC,N/A - From RDC,Air,Pre-PQ Process,N/A - From RDC,30-Nov-07,30-Nov-07,30-Nov-07,ARV,Adult,SCMS from RDC,"Abacavir/Lamivudine/Zidovudine 300/150/300mg [Trizivir], tablets, 60 Tabs",Abacavir/Lamivudine/Zidovudine,Trizivir,300/150/300mg,Tablet - FDC,60,995,69650.0,70.0,1.17,GSK Ware (UK),Yes,219,1392,111.44
71655,105-DO-T30,FPQ-11295,SCMS-172490,ASN-18314,Dominican Republic,PMO - US,Direct Drop,EXW,Air,12/17/2012,1/11/2013,26-Feb-13,26-Feb-13,26-Feb-13,HRDT,HIV test,"Trinity Biotech, Plc","HIV 1/2, Uni-Gold HIV Kit, 20 Tests","HIV 1/2, Uni-Gold HIV Kit",Uni-Gold,,Test kit,20,413,13216.0,32.0,1.6,"Trinity Biotech, Plc",Yes,134,1083.85,16.35
22843,108-VN-T30,FPQ-14516,SCMS-249141,ASN-29593,Vietnam,PMO - US,Direct Drop,FCA,Air,7/9/2014,8/11/2014,16-Jan-15,16-Jan-15,24-Feb-15,ARV,Adult,ABBVIE LOGISTICS (FORMERLY ABBOTT LOGISTICS BV),"Ritonavir 100mg [Norvir], film coated tablets, 30 Tabs",Ritonavir,Norvir,100mg,Tablet,30,200,4652.0,23.26,0.78,ABBVIE Ludwigshafen Germany,Yes,Weight Captured Separately,Invoiced Separately,4.78
12911,104-CI-T01,Pre-PQ Process,SO-33220,DN-1422,Côte d'Ivoire,PMO - US,From RDC,N/A - From RDC,Air,Date Not Captured,N/A - From RDC,16-Sep-09,16-Sep-09,16-Sep-09,ARV,Pediatric,SCMS from RDC,"Lamivudine 10mg/ml, oral solution, Bottle, 240 ml",Lamivudine,Generic,10mg/ml,Oral solution,240,3181,6043.9,1.9,0.01,"Aurobindo Unit III, India",No,See DN-1422 (ID#:11682),See DN-1422 (ID#:11682),11.85
83681,113-ZW-T30,FPQ-11002,SO-43720,DN-3132,Zimbabwe,PMO - US,From RDC,N/A - From RDC,Truck,11/16/2012,N/A - From RDC,30-May-13,29-Apr-13,29-Apr-13,ARV,Adult,SCMS from RDC,"Lamivudine/Tenofovir Disoproxil Fumarate 300/300mg, tablets, 30 Tabs",Lamivudine/Tenofovir Disoproxil Fumarate,Generic,300/300mg,Tablet - FDC,30,90986,427634.2,4.7,0.16,"Aurobindo Unit VII, IN",Yes,22001,21173.75,528.98
11989,113-ZW-T01,Pre-PQ Process,SO-21010,DN-1289,Zimbabwe,PMO - US,From RDC,N/A - From RDC,Truck,Pre-PQ Process,N/A - From RDC,22-Jun-09,22-Jun-09,22-Jun-09,ARV,Adult,SCMS from RDC,"Efavirenz 600mg, tablets, 30 Tabs",Efavirenz,Generic,600mg,Tablet,30,4000,42480.0,10.62,0.35,"Aurobindo Unit III, India",No,See DN-1289 (ID#:11332),See DN-1289 (ID#:11332),83.26
86422,110-ZM-T30,FPQ-8383,SO-40742,DN-2433,Zambia,PMO - US,From RDC,N/A - From RDC,Truck,9/11/2011,N/A - From RDC,19-Jan-12,28-Nov-11,28-Nov-11,ARV,Adult,SCMS from RDC,"Emtricitabine/Tenofovir Disoproxil Fumarate 200/300mg, tablets, 30 Tabs",Emtricitabine/Tenofovir Disoproxil Fumarate,Generic,200/300mg,Tablet - FDC,30,50000,448500.0,8.97,0.3,Mylan (formerly Matrix) Nashik,Yes,4155,6968.97,740.02
84860,109-TZ-T30,FPQ-12015,SO-44990,DN-3346,Tanzania,PMO - US,From RDC,N/A - From RDC,Truck,4/2/2013,N/A - From RDC,28-Oct-13,1-Nov-13,6-Nov-13,ARV,Pediatric,SCMS from RDC,"Efavirenz 200mg, scored tablets, 90 Tabs",Efavirenz,Generic,200mg,Tablet,90,5117,47588.1,9.3,0.1,"Strides, Bangalore, India.",Yes,333,1956,58.87
85412,104-CI-T30,FPQ-11253,SO-44210,DN-3371,Côte d'Ivoire,PMO - US,From RDC,N/A - From RDC,Truck,12/14/2012,N/A - From RDC,31-Oct-13,22-Oct-13,19-Nov-13,ARV,Pediatric,SCMS from RDC,"Zidovudine 10mg/ml, oral solution w/syringe, Bottle, 240 ml",Zidovudine,Generic,10mg/ml,Oral solution,240,2000,4200.0,2.1,0.01,"Aurobindo Unit III, India",No,See DN-3371 (ID#:83174),See DN-3371 (ID#:83174),5.2
76442,102-CD-T30,FPQ-11020,SCMS-167990,ASN-17893,"Congo, DRC",PMO - US,Direct Drop,EXW,Air,11/15/2012,12/6/2012,12-Jun-13,12-Jun-13,12-Jun-13,HRDT,HIV test,"Trinity Biotech, Plc","HIV 1/2, Uni-Gold HIV Kit, 20 Tests","HIV 1/2, Uni-Gold HIV Kit",Uni-Gold,,Test kit,20,185,5920.0,32.0,1.6,"Trinity Biotech, Plc",Yes,64,1592.72,7.32
84262,151-NG-T30,FPQ-11022,SO-43849,DN-3171,Nigeria,PMO - US,From RDC,N/A - From RDC,Air Charter,11/15/2012,N/A - From RDC,21-May-13,10-May-13,10-May-13,ARV,Adult,SCMS from RDC,"Lamivudine/Zidovudine 150/300mg, tablets, 60 Tabs",Lamivudine/Zidovudine,Generic,150/300mg,Tablet - FDC,60,41222,288554.0,7.0,0.12,"Cipla, Goa, India",No,See DN-3171 (ID#:83685),See DN-3171 (ID#:83685),356.94
54280,104-CI-T30,FPQ-15618,SCMS-272190,ASN-31869,Côte d'Ivoire,PMO - US,Direct Drop,EXW,Air,12/17/2014,3/13/2015,20-May-15,20-May-15,20-May-15,HRDT,HIV test,"Orgenics, Ltd","HIV 1/2, Determine Complete HIV Kit, 100 Tests","HIV 1/2, Determine Complete HIV Kit",Determine,,Test kit,100,5750,460000.0,80.0,0.8,"Alere Medical Co., Ltd.",Yes,3374,24821.13,541.42
12935,108-VN-T30,FPQ-12051,SCMS-188650,ASN-23215,Vietnam,PMO - US,Direct Drop,EXW,Air,5/3/2013,5/15/2013,9-Jan-14,9-Jan-14,9-Jan-14,ARV,Adult,MYLAN LABORATORIES LTD (FORMERLY MATRIX LABORATORIES),"Lamivudine/Zidovudine 150/300mg, tablets, 60 Tabs",Lamivudine/Zidovudine,Generic,150/300mg,Tablet - FDC,60,11092,74871.0,6.75,0.11,Mylan (formerly Matrix) Nashik,Yes,957,1869.41,92.62
59994,116-ZA-T30,FPQ-13214,SCMS-215410,ASN-23875,South Africa,PMO - US,Direct Drop,DDP,Truck,11/14/2013,12/2/2013,13-Jan-14,13-Jan-14,13-Jan-14,ARV,Adult,S. BUYS WHOLESALER,"Abacavir 300mg, tablets, 60 Tabs",Abacavir,Generic,300mg,Tablet,60,268,18310.96,68.32,1.14,"Aurobindo Unit III, India",No,Weight Captured Separately,Freight Included in Commodity Cost,18.82
62159,106-HT-T30,FPQ-11443,SCMS-180940,ASN-19819,Haiti,PMO - US,Direct Drop,EXW,Ocean,2/7/2013,3/22/2013,2-Sep-13,2-Sep-13,2-Sep-13,ARV,Pediatric,Aurobindo Pharma Limited,"Nevirapine 10mg/ml, oral suspension w/syringe, Bottle, 240 ml",Nevirapine,Generic,10mg/ml,Oral suspension,240,2040,3080.4,1.51,0.01,"Aurobindo Unit III, India",No,See ASN-19819 (ID#:13739),See ASN-19819 (ID#:13739),3.81
83496,151-NG-T30,FPQ-7217,SO-39150,DN-2164,Nigeria,PMO - US,From RDC,N/A - From RDC,Air Charter,2/21/2011,N/A - From RDC,15-Jun-11,11-May-11,11-May-11,ARV,Adult,SCMS from RDC,"Zidovudine 300mg, tablets, 60 Tabs",Zidovudine,Generic,300mg,Tablet,60,15000,108150.0,7.21,0.12,"Aurobindo Unit III, India",Yes,823,12601.06,178.45
82369,114-UG-T30,FPQ-6614,SO-37990,DN-2077,Uganda,PMO - US,From RDC,N/A - From RDC,Air,10/31/2010,N/A - From RDC,8-Feb-11,23-Dec-10,23-Dec-10,ARV,Adult,SCMS from RDC,"Lamivudine/Zidovudine 150/300mg, tablets, 60 Tabs",Lamivudine/Zidovudine,Generic,150/300mg,Tablet - FDC,60,2316,19801.8,8.55,0.14,Hetero Unit III Hyderabad IN,Yes,386,2294.85,32.67
84084,110-ZM-T30,FPQ-6482,SO-38970,DN-2154,Zambia,PMO - US,From RDC,N/A - From RDC,Truck,10/15/2010,N/A - From RDC,11-Apr-11,20-May-11,20-May-11,ARV,Adult,SCMS from RDC,"Nevirapine 200mg, tablets, 60 Tabs",Nevirapine,Generic,200mg,Tablet,60,7946,19944.46,2.51,0.04,Hetero Unit III Hyderabad IN,Yes,1168,3402.23,43.0
84426,107-RW-T30,FPQ-14811,SO-49941,DN-4011,Rwanda,PMO - US,From RDC,N/A - From RDC,Truck,10/15/2014,N/A - From RDC,14-Jan-15,13-Nov-14,14-Nov-14,ARV,Pediatric,SCMS from RDC,"Lamivudine/Zidovudine 30/60mg, dispersible tablets, 60 Tabs",Lamivudine/Zidovudine,Generic,30/60mg,Chewable/dispersible tablet - FDC,60,1766,3514.34,1.99,0.03,"Cipla, Goa, India",Yes,152,1330.99,3.61
82811,114-UG-T30,FPQ-15639,SO-50660,DN-4310,Uganda,PMO - US,From RDC,N/A - From RDC,Truck,12/22/2014,N/A - From RDC,31-Jul-15,23-Jul-15,23-Jul-15,ARV,Adult,SCMS from RDC,"Lamivudine/Zidovudine 150/300mg, tablets, 60 Tabs",Lamivudine/Zidovudine,Generic,150/300mg,Tablet - FDC,60,88327,575892.04,6.52,0.11,Hetero Unit III Hyderabad IN,Yes,Weight Captured Separately,Invoiced Separately,677.82
84564,113-ZW-T30,FPQ-4472,SO-35910,DN-1831,Zimbabwe,PMO - US,From RDC,N/A - From RDC,Air,3/17/2009,N/A - From RDC,28-May-10,31-May-10,31-May-10,ARV,Adult,SCMS from RDC,"Lamivudine/Nevirapine/Stavudine 150/200/30mg, tablets, 60 Tabs",Lamivudine/Nevirapine/Stavudine,Generic,150/200/30mg,Tablet - FDC,60,47390,277231.5,5.85,0.1,"Cipla, Goa, India",Yes,7112,3833.17,543.37
49116,109-TZ-T30,FPQ-13569,SCMS-225810,ASN-26767,Tanzania,PMO - US,Direct Drop,FCA,Air,1/21/2014,2/14/2014,26-Aug-14,26-Aug-14,4-Sep-14,ARV,Pediatric,ABBVIE LOGISTICS (FORMERLY ABBOTT LOGISTICS BV),"Lopinavir/Ritonavir 80/20mg/ml [Kaletra], oral solution, cool, Bottle 5 x 60 ml",Lopinavir/Ritonavir,Kaletra,80/20mg/ml,Oral solution,300,268,8259.76,30.82,0.1,ABBVIE (Abbott) Logis. UK,Yes,261,2569.33,8.49
12782,109-TZ-T01,Pre-PQ Process,SO-2556,DN-748,Tanzania,PMO - US,From RDC,N/A - From RDC,Truck,Pre-PQ Process,N/A - From RDC,30-Jun-08,30-Jun-08,30-Jun-08,ARV,Adult,SCMS from RDC,"Nevirapine 200mg, tablets, 60 Tabs",Nevirapine,Generic,200mg,Tablet,60,87768,298411.2,3.4,0.06,"Ranbaxy, Paonta Shahib, India",No,See DN-748 (ID#:12484),See DN-748 (ID#:12484),477.46
48523,900-TZ-T30,FPQ-10396,SCMS-157661,ASN-17081,Tanzania,PMO - US,Direct Drop,EXW,Air,7/31/2012,10/4/2012,7-Dec-12,7-Dec-12,7-Dec-12,HRDT,HIV test,"Orgenics, Ltd","HIV 1/2, Determine Complete HIV Kit, 100 Tests","HIV 1/2, Determine Complete HIV Kit",Determine,,Test kit,100,2744,219520.0,80.0,0.8,"Alere Medical Co., Ltd.",Yes,1303,22223.94,307.77
84674,104-CI-T30,FPQ-7659,SO-40123,DN-2369,Côte d'Ivoire,PMO - US,From RDC,N/A - From RDC,Air,5/3/2011,N/A - From RDC,14-Oct-11,8-Oct-11,8-Oct-11,ARV,Adult,SCMS from RDC,"Efavirenz 600mg, tablets, 30 Tabs",Efavirenz,Generic,600mg,Tablet,30,62231,262614.82,4.22,0.14,"Strides, Bangalore, India.",Yes,3789,13956.38,433.31
86671,111-MZ-T30,FPQ-13124,SO-47041,DN-3628,Mozambique,PMO - US,From RDC,N/A - From RDC,Truck,10/21/2013,N/A - From RDC,14-Jun-14,24-Jun-14,14-Jul-14,ARV,Adult,SCMS from RDC,"Nevirapine 200mg, tablets, 60 Tabs",Nevirapine,Generic,200mg,Tablet,60,2100,4746.0,2.26,0.04,Hetero Unit III Hyderabad IN,No,See DN-3628 (ID#:83234),See DN-3628 (ID#:83234),4.88
85564,111-MZ-T30,FPQ-15195,SO-50131,DN-4152,Mozambique,PMO - US,From RDC,N/A - From RDC,Truck,10/17/2014,N/A - From RDC,31-Mar-15,10-Apr-15,20-Apr-15,ARV,Adult,SCMS from RDC,"Nevirapine 200mg, tablets, 60 Tabs",Nevirapine,Generic,200mg,Tablet,60,1400,3052.0,2.18,0.04,"Strides, Bangalore, India.",Yes,4355,3644.18,3.59
73379,116-ZA-T30,FPQ-13035,SCMS-215370,ASN-24415,South Africa,PMO - US,Direct Drop,DDP,Truck,10/8/2013,12/2/2013,6-Feb-14,6-Feb-14,6-Feb-14,ARV,Adult,S. BUYS WHOLESALER,"Zidovudine 300mg, tablets, 60 Tabs",Zidovudine,Generic,300mg,Tablet,60,22,543.68,24.71,0.41,"Aurobindo Unit III, India",No,Weight Captured Separately,Freight Included in Commodity Cost,0.67
79325,104-CI-T30,FPQ-13125,SCMS-215050,ASN-23877,Côte d'Ivoire,PMO - US,Direct Drop,EXW,Air,10/25/2013,12/4/2013,24-Jan-14,24-Jan-14,30-Jan-14,HRDT,HIV test,"Orgenics, Ltd","HIV 1/2, Determine Complete HIV Kit, 100 Tests","HIV 1/2, Determine Complete HIV Kit",Determine,,Test kit,100,3135,250800.0,80.0,0.8,"Alere Medical Co., Ltd.",Yes,1272,16856.6,257.82
69968,116-ZA-T30,FPQ-3560,SCMS-49681,ASN-5497,South Africa,PMO - US,Direct Drop,DDP,Truck,5/7/2009,7/21/2009,30-Oct-09,30-Oct-09,30-Oct-09,ARV,Pediatric,S. BUYS WHOLESALER,"Efavirenz 50mg, capsule, 30 Caps",Efavirenz,Generic,50mg,Capsule,30,90,369.49,4.11,0.14,"Aurobindo Unit III, India",Yes,Weight Captured Separately,Freight Included in Commodity Cost,0.72
85159,110-ZM-T30,FPQ-5702,SO-36842,DN-2032,Zambia,PMO - US,From RDC,N/A - From RDC,Truck,5/20/2010,N/A - From RDC,4-Nov-10,8-Nov-10,8-Nov-10,ARV,Adult,SCMS from RDC,"Efavirenz 600mg, tablets, 30 Tabs",Efavirenz,Generic,600mg,Tablet,30,128000,578560.0,4.52,0.15,"Emcure Plot No.P-2, I.T-B.T. Park, Phase II, MIDC, Hinjwadi, Pune, India",No,See DN-2032 (ID#:82921),See DN-2032 (ID#:82921),1247.38
21674,108-VN-T30,FPQ-8428,SCMS-123600,ASN-13410,Vietnam,PMO - US,Direct Drop,EXW,Air,9/21/2011,10/4/2011,18-Feb-12,18-Feb-12,18-Feb-12,ARV,Adult,Aurobindo Pharma Limited,"Lamivudine/Zidovudine 150/300mg, tablets, 60 Tabs",Lamivudine/Zidovudine,Generic,150/300mg,Tablet - FDC,60,15211,120927.45,7.95,0.13,"Aurobindo Unit III, India",No,See ASN-13410 (ID#:16901),See ASN-13410 (ID#:16901),199.53
82723,111-MZ-T30,FPQ-13575,SO-47703,DN-3865,Mozambique,PMO - US,From RDC,N/A - From RDC,Truck,1/17/2014,N/A - From RDC,31-Aug-14,30-Oct-14,13-Nov-14,ARV,Adult,SCMS from RDC,"Nevirapine 200mg, tablets, 60 Tabs",Nevirapine,Generic,200mg,Tablet,60,2030,4425.4,2.18,0.04,Hetero Unit III Hyderabad IN,Yes,6342,3290.58,4.55
84582,151-NG-T30,FPQ-5688,SO-36934,DN-1978,Nigeria,PMO - US,From RDC,N/A - From RDC,Air Charter,5/27/2010,N/A - From RDC,31-Aug-10,17-Aug-10,17-Aug-10,ARV,Adult,SCMS from RDC,"Lamivudine/Nevirapine/Zidovudine 150/200/300mg, tablets, 60 Tabs",Lamivudine/Nevirapine/Zidovudine,Generic,150/300/200mg,Tablet - FDC,60,6000,67320.0,11.22,0.19,"Aurobindo Unit III, India",Yes,789,6147.18,145.14
57886,116-ZA-T30,FPQ-12522,SCMS-199280,ASN-24433,South Africa,PMO - US,Direct Drop,DDP,Truck,7/11/2013,8/13/2013,7-Feb-14,7-Feb-14,7-Feb-14,ARV,Adult,S. BUYS WHOLESALER,"Abacavir 300mg, tablets, 60 Tabs",Abacavir,Generic,300mg,Tablet,60,72,5479.8,76.11,1.27,"Aurobindo Unit III, India",No,Weight Captured Separately,Freight Included in Commodity Cost,6.78
25037,161-ZA-T30,FPQ-6708,SCMS-93570,ASN-11701,South Africa,PMO - US,Direct Drop,DDP,Ocean,11/26/2010,12/14/2010,5-Oct-11,5-Oct-11,5-Oct-11,ARV,Adult,Aurobindo Pharma Limited,"Tenofovir Disoproxil Fumarate 300mg, tablets, 30 Tabs",Tenofovir Disoproxil Fumarate,Generic,300mg,Tablet,30,71984,478693.6,6.65,0.22,"Aurobindo Unit III, India",Yes,6719,9726.54,789.84
18373,108-VN-T30,FPQ-8428,SCMS-123600,ASN-13410,Vietnam,PMO - US,Direct Drop,EXW,Air,9/21/2011,10/4/2011,18-Feb-12,18-Feb-12,18-Feb-12,ARV,Adult,Aurobindo Pharma Limited,"Efavirenz 600mg, tablets, 30 Tabs",Efavirenz,Generic,600mg,Tablet,30,3548,14369.4,4.05,0.13,"Aurobindo Unit III, India",No,See ASN-13410 (ID#:16901),See ASN-13410 (ID#:16901),23.71
68937,114-UG-T30,FPQ-10787,SCMS-163440,ASN-17956,Uganda,PMO - US,Direct Drop,FCA,Air,10/10/2012,10/25/2012,8-Feb-13,8-Feb-13,8-Feb-13,ARV,Adult,ABBVIE LOGISTICS (FORMERLY ABBOTT LOGISTICS BV),"Ritonavir 100mg [Norvir], film coated tablets, 60 Tabs",Ritonavir,Norvir,100mg,Tablet,60,587,4020.95,6.85,0.11,ABBVIE Ludwigshafen Germany,Yes,85,1253.45,4.97
10933,107-RW-T01,Pre-PQ Process,SO-1515,DN-570,Rwanda,PMO - US,From RDC,N/A - From RDC,Air,Pre-PQ Process,N/A - From RDC,28-Jan-08,28-Jan-08,28-Jan-08,ARV,Adult,SCMS from RDC,"Lamivudine 150mg, tablets, 60 Tabs",Lamivudine,Generic,150mg,Tablet,60,3150,9576.0,3.04,0.05,"Ranbaxy, Paonta Shahib, India",Yes,165,2559.28,15.32
85236,109-TZ-T30,FPQ-8303,SO-40540,DN-2538,Tanzania,PMO - US,From RDC,N/A - From RDC,Truck,8/22/2011,N/A - From RDC,30-Mar-12,12-Mar-12,12-Mar-12,ARV,Pediatric,SCMS from RDC,"Efavirenz 200mg, capsule, 90 Caps",Efavirenz,Generic,200mg,Capsule,90,6510,57743.7,8.87,0.1,"Aurobindo Unit III, India",Yes,830,1698.83,95.28
85907,900-CM-T30,FPQ-10641,SO-43380,DN-2887,Cameroon,PMO - US,From RDC,N/A - From RDC,Air Charter,9/19/2012,N/A - From RDC,7-Nov-12,17-Oct-12,17-Oct-12,ARV,Adult,SCMS from RDC,"Lamivudine/Tenofovir Disoproxil Fumarate 300/300mg, tablets, 30 Tabs",Lamivudine/Tenofovir Disoproxil Fumarate,Generic,300/300mg,Tablet - FDC,30,18486,99084.96,5.36,0.18,"Cipla, Kurkumbh, India",No,See DN-2887 (ID#:82520),See DN-2887 (ID#:82520),138.92
85789,114-UG-T30,FPQ-7162,SO-38803,DN-2344,Uganda,PMO - US,From RDC,N/A - From RDC,Truck,2/14/2011,N/A - From RDC,30-Sep-11,26-Sep-11,26-Sep-11,ARV,Adult,SCMS from RDC,"Lamivudine/Tenofovir Disoproxil Fumarate 300/300mg, tablets, 30 Tabs",Lamivudine/Tenofovir Disoproxil Fumarate,Generic,300/300mg,Tablet - FDC,30,5000,41150.0,8.23,0.27,Mylan (formerly Matrix) Nashik,Yes,607,4911.39,67.9
83525,110-ZM-T30,FPQ-7085,SO-38741,DN-2322,Zambia,PMO - US,From RDC,N/A - From RDC,Truck,2/3/2011,N/A - From RDC,29-Sep-11,29-Aug-11,29-Aug-11,ARV,Adult,SCMS from RDC,"Nevirapine 200mg, tablets, 60 Tabs",Nevirapine,Generic,200mg,Tablet,60,31892,80048.92,2.51,0.04,Hetero Unit III Hyderabad IN,No,See DN-2322 (ID#:82973),See DN-2322 (ID#:82973),132.08
10769,100-GH-T01,Pre-PQ Process,SO-30700,DN-1235,Ghana,PMO - US,From RDC,N/A - From RDC,Truck,Date Not Captured,N/A - From RDC,12-Aug-09,12-Aug-09,12-Aug-09,ARV,Adult,SCMS from RDC,"Abacavir 300mg, tablets, 60 Tabs",Abacavir,Generic,300mg,Tablet,60,6133,61.33,0.01,0.0,Mylan (formerly Matrix) Nashik,Yes,Weight Captured Separately,Invoiced Separately,0.12
52144,133-NG-T30,FPQ-10765,SCMS-162440,ASN-18600,Nigeria,PMO - US,Direct Drop,EXW,Air,10/5/2012,10/16/2012,9-Jan-13,20-Mar-13,20-Mar-13,HRDT,HIV test,"Orgenics, Ltd","HIV 1/2, Determine Complete HIV Kit, 100 Tests","HIV 1/2, Determine Complete HIV Kit",Determine,,Test kit,100,2880,256320.0,89.0,0.89,"Alere Medical Co., Ltd.",Yes,1249,26380.35,359.36
12778,112-NG-T01,Pre-PQ Process,SO-2351,DN-717,Nigeria,PMO - US,From RDC,N/A - From RDC,Air,Pre-PQ Process,N/A - From RDC,18-Apr-08,18-Apr-08,18-Apr-08,ARV,Adult,SCMS from RDC,"Emtricitabine/Tenofovir Disoproxil Fumarate 200/300mg [Truvada], tablets, 30 Tabs",Emtricitabine/Tenofovir Disoproxil Fumarate,Truvada,300/200mg,Tablet - FDC,30,16,420.0,26.25,0.88,"Aspen-OSD, Port Elizabeth, SA",No,See DN-717 (ID#:11858),See DN-717 (ID#:11858),0.67
28566,100-ZM-T30,FPQ-12180,SCMS-190740,ASN-20353,Zambia,PMO - US,Direct Drop,EXW,Air,5/14/2013,5/22/2013,23-Aug-13,23-Aug-13,23-Aug-13,HRDT,HIV test,"Orgenics, Ltd","HIV 1/2, Determine Complete HIV Kit, 100 Tests","HIV 1/2, Determine Complete HIV Kit",Determine,,Test kit,100,2730,218400.0,80.0,0.8,"Alere Medical Co., Ltd.",Yes,1184,17657.02,270.16
77606,101-CD-T30,FPQ-12093,SCMS-189060,ASN-20772,"Congo, DRC",PMO - US,Direct Drop,FCA,Air,4/23/2013,5/23/2013,20-Nov-13,20-Nov-13,26-Nov-13,ARV,Pediatric,ABBVIE LOGISTICS (FORMERLY ABBOTT LOGISTICS BV),"Lopinavir/Ritonavir 80/20mg/ml [Kaletra], oral solution, cool, Bottle 5 x 60 ml",Lopinavir/Ritonavir,Kaletra,80/20mg/ml,Oral solution,300,10,308.2,30.82,0.1,ABBVIE (Abbott) Logis. UK,Yes,38,1573.41,0.38
70212,144-BW-T30,FPQ-4167,SCMS-54070,ASN-7749,Botswana,PMO - US,Direct Drop,EXW,Air,9/9/2009,9/29/2009,6-Sep-10,6-Sep-10,6-Sep-10,HRDT,HIV test,"Orgenics, Ltd","HIV 1/2, Determine HIV Kit, without Lancets, 100 Tests","HIV 1/2, Determine HIV Kit, without Lancets",Determine,,Test kit,100,8,560.0,70.0,0.7,Inverness Japan,Yes,2,807.65,1.1
39105,116-ZA-T30,FPQ-12522,SCMS-199288,ASN-27196,South Africa,PMO - US,Direct Drop,DDP,Truck,7/11/2013,7/10/2014,10-Jul-14,10-Jul-14,10-Jul-14,ARV,Pediatric,S. BUYS WHOLESALER,"Lopinavir/Ritonavir 80/20mg/ml [Kaletra], oral solution, cool, Bottle 5 x 60 ml",Lopinavir/Ritonavir,Kaletra,80/20mg/ml,Oral solution,300,5,117.26,23.45,0.08,ABBVIE (Abbott) Logis. UK,Yes,Weight Captured Separately,Freight Included in Commodity Cost,0.15
11530,106-HT-T01,Pre-PQ Process,SO-2598,DN-783,Haiti,PMO - US,From RDC,N/A - From RDC,Air,Pre-PQ Process,N/A - From RDC,13-Jun-08,13-Jun-08,13-Jun-08,ARV,Adult,SCMS from RDC,"Nevirapine 200mg, tablets, 60 Tabs",Nevirapine,Generic,200mg,Tablet,60,17843,60666.2,3.4,0.06,"Aurobindo Unit III, India",Yes,1667,19069.17,97.07
86730,111-MZ-T30,FPQ-14226,SO-48884,DN-3944,Mozambique,PMO - US,From RDC,N/A - From RDC,Truck,5/2/2014,N/A - From RDC,31-Dec-14,28-Oct-14,13-Nov-14,ARV,Adult,SCMS from RDC,"Tenofovir Disoproxil Fumarate 300mg, tablets, 30 Tabs",Tenofovir Disoproxil Fumarate,Generic,300mg,Tablet,30,220,831.6,3.78,0.13,Hetero Unit III Hyderabad IN,No,See DN-3944 (ID#:82733),See DN-3944 (ID#:82733),0.85
85594,104-CI-T30,FPQ-15259,SO-50100,DN-4255,Côte d'Ivoire,PMO - US,From RDC,N/A - From RDC,Truck,10/24/2014,N/A - From RDC,19-Jun-15,8-Jun-15,19-Jun-15,ARV,Adult,SCMS from RDC,"Efavirenz 600mg, tablets, 30 Tabs",Efavirenz,Generic,600mg,Tablet,30,45204,141036.48,3.12,0.1,"Strides, Bangalore, India.",No,See DN-4255 (ID#:83911),See DN-4255 (ID#:83911),166.0
24842,900-TZ-T30,FPQ-10396,SCMS-157660,ASN-16907,Tanzania,PMO - US,Direct Drop,EXW,Air,7/31/2012,8/21/2012,20-Nov-12,20-Nov-12,20-Nov-12,HRDT,HIV test,"Orgenics, Ltd","HIV 1/2, Determine Complete HIV Kit, 100 Tests","HIV 1/2, Determine Complete HIV Kit",Determine,,Test kit,100,8000,640000.0,80.0,0.8,"Alere Medical Co., Ltd.",Yes,3803,64075.1,897.28
83126,113-ZW-T30,FPQ-11002,SO-43711,DN-3085,Zimbabwe,PMO - US,From RDC,N/A - From RDC,Truck,11/16/2012,N/A - From RDC,30-Mar-13,8-Apr-13,8-Apr-13,ARV,Adult,SCMS from RDC,"Lamivudine/Tenofovir Disoproxil Fumarate 300/300mg, tablets, 30 Tabs",Lamivudine/Tenofovir Disoproxil Fumarate,Generic,300/300mg,Tablet - FDC,30,29506,138678.2,4.7,0.16,Hetero Unit III Hyderabad IN,Yes,3133,14451.69,171.54
12432,104-CI-T01,Pre-PQ Process,SO-1101,DN-434,Côte d'Ivoire,PMO - US,From RDC,N/A - From RDC,Air,Pre-PQ Process,N/A - From RDC,22-Nov-07,22-Nov-07,22-Nov-07,ARV,Pediatric,SCMS from RDC,"Didanosine 200mg, chewable/dispersible tablets, 60 Tabs",Didanosine,Generic,200mg,Chewable/dispersible tablet,60,7744,297059.84,38.36,0.64,"Aurobindo Unit III, India",No,See DN-434 (ID#:11483),See DN-434 (ID#:11483),475.3
83331,110-ZM-T30,FPQ-14784,SO-49570,DN-4251,Zambia,PMO - US,From RDC,N/A - From RDC,Truck,8/12/2014,N/A - From RDC,15-Jun-15,15-May-15,15-May-15,ARV,Adult,SCMS from RDC,"Lamivudine 150mg, tablets, 60 Tabs",Lamivudine,Generic,150mg,Tablet,60,55990,97422.6,1.74,0.03,"Strides, Bangalore, India.",No,See DN-4251 (ID#:82800),See DN-4251 (ID#:82800),100.15
84632,110-ZM-T30,FPQ-6677,SO-38050,DN-2143,Zambia,PMO - US,From RDC,N/A - From RDC,Truck,11/8/2010,N/A - From RDC,15-Apr-11,5-Apr-11,5-Apr-11,ARV,Adult,SCMS from RDC,"Abacavir 300mg, tablets, 60 Tabs",Abacavir,Generic,300mg,Tablet,60,4875,77463.75,15.89,0.26,"Cipla, Patalganga, India",Yes,2556,4471.07,127.82
83402,109-TZ-T30,FPQ-4794,SO-35760,DN-1663,Tanzania,PMO - US,From RDC,N/A - From RDC,Air,1/27/2010,N/A - From RDC,14-Apr-10,18-Mar-10,18-Mar-10,ARV,Adult,SCMS from RDC,"Tenofovir Disoproxil Fumarate 300mg, tablets, 30 Tabs",Tenofovir Disoproxil Fumarate,Generic,300mg,Tablet,30,2448,20881.44,8.53,0.28,"Cipla, Goa, India",Yes,178,1854.35,45.02
61403,104-CI-T30,FPQ-6037,SCMS-80610,ASN-8594,Côte d'Ivoire,PMO - US,Direct Drop,EXW,Air,7/14/2010,7/30/2010,10-Nov-10,10-Nov-10,10-Nov-10,HRDT,HIV test,"Standard Diagnostics, Inc.","HIV 1/2, Bioline 3.0 Kit, (no accessories), 30 Tests","HIV 1/2, Bioline 3.0 Kit (no accessories)",Bioline,,Test kit,30,1206,28944.0,24.0,0.8,"Standard Diagnostics, Korea",Yes,429,4540.55,62.4
82577,151-NG-T30,FPQ-11022,SO-45201,DN-3176,Nigeria,PMO - US,From RDC,N/A - From RDC,Air Charter,11/15/2012,N/A - From RDC,21-May-13,10-May-13,10-May-13,ARV,Adult,SCMS from RDC,"Nevirapine 200mg, tablets, 60 Tabs",Nevirapine,Generic,200mg,Tablet,60,95000,214700.0,2.26,0.04,"Cipla, Goa, India",Yes,12686,41332.14,265.58
83930,151-NG-T30,FPQ-16541,SO-51790,DN-4343,Nigeria,PMO - US,From RDC,N/A - From RDC,Air,7/7/2015,N/A - From RDC,30-Sep-15,28-Aug-15,2-Sep-15,ARV,Adult,SCMS from RDC,"Abacavir/Lamivudine 600/300mg, tablets, 30 Tabs",Abacavir/Lamivudine,Generic,600/300mg,Tablet - FDC,30,5025,65877.75,13.11,0.44,Mylan (formerly Matrix) Nashik,Yes,Weight Captured Separately,Invoiced Separately,77.54
84023,113-ZW-T30,FPQ-4694,SO-35351,DN-1948,Zimbabwe,PMO - US,From RDC,N/A - From RDC,Air,12/8/2009,N/A - From RDC,30-Jul-10,22-Jul-10,22-Jul-10,ARV,Adult,SCMS from RDC,"Lamivudine/Stavudine 150/30mg, tablets, 60 Tabs",Lamivudine/Stavudine,Generic,150/30mg,Tablet - FDC,60,5900,19352.0,3.28,0.05,"Cipla, Goa, India",No,See DN-1948 (ID#:82906),See DN-1948 (ID#:82906),41.72
79111,116-ZA-T30,FPQ-3596,SCMS-50373,ASN-6207,South Africa,PMO - US,Direct Drop,DDP,Truck,5/7/2009,9/22/2009,15-Feb-10,15-Feb-10,15-Feb-10,ARV,Adult,"JSI R&T INSTITUTE, INC.","Zidovudine 300mg, tablets, 60 Tabs",Zidovudine,Generic,300mg,Tablet,60,1130,31894.32,28.23,0.47,"Aurobindo Unit III, India",Yes,Weight Captured Separately,Freight Included in Commodity Cost,62.51
32521,200-DO-T30,FPQ-6615,SCMS-93361,ASN-10226,Dominican Republic,PMO - US,Direct Drop,EXW,Air,11/10/2010,12/1/2010,4-Apr-11,4-Apr-11,4-Apr-11,ARV,Adult,Aurobindo Pharma Limited,"Lopinavir/Ritonavir 200/50mg, tablets, 120 Tabs",Lopinavir/Ritonavir,Generic,200/50mg,Tablet,120,2508,87780.0,35.0,0.29,"Aurobindo Unit III, India",Yes,645,5002.73,144.84
84141,113-ZW-T30,FPQ-7052,SO-38520,DN-2519,Zimbabwe,PMO - US,From RDC,N/A - From RDC,Truck,1/19/2011,N/A - From RDC,29-Feb-12,16-Feb-12,16-Feb-12,ARV,Adult,SCMS from RDC,"Nevirapine 200mg, tablets, 60 Tabs",Nevirapine,Generic,200mg,Tablet,60,9073,22773.23,2.51,0.04,"Aurobindo Unit VII, IN",Yes,2721,4777.08,37.58
1919,108-VN-T01,Pre-PQ Process,SCMS-26190,ASN-2562,Vietnam,PMO - US,Direct Drop,EXW,Air,Pre-PQ Process,7/3/2008,3-Oct-08,3-Oct-08,3-Oct-08,ARV,Adult,Aurobindo Pharma Limited,"Stavudine 30mg, capsules, 60 Caps",Stavudine,Generic,30mg,Capsule,60,18030,26143.5,1.45,0.02,"Aurobindo Unit III, India",Yes,1114,5822.44,41.83
42030,105-SS-T30,FPQ-15569,SCMS-272140,ASN-31129,South Sudan,PMO - US,Direct Drop,EXW,Air,12/29/2014,2/20/2015,8-May-15,8-May-15,11-May-15,HRDT,HIV test,"Trinity Biotech, Plc","HIV 1/2, Uni-Gold HIV Kit, 20 Tests","HIV 1/2, Uni-Gold HIV Kit",Uni-Gold,,Test kit,20,18,576.0,32.0,1.6,"Trinity Biotech, Plc",No,See ASN-31129 (ID#:40205),See ASN-31129 (ID#:40205),0.68
85928,110-ZM-T30,FPQ-10728,SO-43440,DN-2987,Zambia,PMO - US,From RDC,N/A - From RDC,Truck,10/5/2012,N/A - From RDC,19-Feb-13,19-Feb-13,19-Feb-13,ARV,Pediatric,SCMS from RDC,"Abacavir 20mg/ml, oral solution w/syringe, Bottle, 240 ml",Abacavir,Generic,20mg/ml,Oral solution,240,3648,44067.84,12.08,0.05,"Aurobindo Unit III, India",Yes,974,6923.53,61.78
86289,104-CI-T30,FPQ-4378,SO-34373,DN-1764,Côte d'Ivoire,PMO - US,From RDC,N/A - From RDC,Air,10/15/2009,N/A - From RDC,6-Apr-10,1-Apr-10,1-Apr-10,ARV,Adult,SCMS from RDC,"Zidovudine 300mg, tablets, 60 Tabs",Zidovudine,Generic,300mg,Tablet,60,915,6889.95,7.53,0.13,"Aurobindo Unit III, India",Yes,51,1702.92,13.5
1803,116-ZA-T01,Pre-PQ Process,SCMS-23500,ASN-2300,South Africa,PMO - US,Direct Drop,DDP,Truck,Pre-PQ Process,Date Not Captured,20-Aug-08,14-May-08,14-May-08,ARV,Adult,S. BUYS WHOLESALER,"Zidovudine 300mg [Retrovir], tablets, 60 Tabs",Zidovudine,Retrovir,300mg,Tablet,60,1000,16630.0,16.63,0.28,GSK Aranda,Yes,Weight Captured Separately,Freight Included in Commodity Cost,26.61
85233,113-ZW-T30,FPQ-7052,SO-38520,DN-2519,Zimbabwe,PMO - US,From RDC,N/A - From RDC,Truck,1/19/2011,N/A - From RDC,29-Feb-12,16-Feb-12,16-Feb-12,ARV,Adult,SCMS from RDC,"Lamivudine/Nevirapine/Stavudine 150/200/30mg, tablets, 60 Tabs",Lamivudine/Nevirapine/Stavudine,Generic,150/200/30mg,Tablet - FDC,60,13212,71080.56,5.38,0.09,"Strides, Bangalore, India.",No,See DN-2519 (ID#:84141),See DN-2519 (ID#:84141),117.28
83129,104-CI-T30,FPQ-10633,SO-43330,DN-3075,Côte d'Ivoire,PMO - US,From RDC,N/A - From RDC,Truck,9/11/2012,N/A - From RDC,28-Mar-13,30-Mar-13,30-Mar-13,ARV,Adult,SCMS from RDC,"Lamivudine/Nevirapine/Zidovudine 150/200/300mg, tablets, 60 Tabs",Lamivudine/Nevirapine/Zidovudine,Generic,150/300/200mg,Tablet - FDC,60,8778,75315.24,8.58,0.14,Hetero Unit III Hyderabad IN,Yes,22043,41802.56,105.59
29157,161-ZA-T30,FPQ-6262,SCMS-84210,ASN-9949,South Africa,PMO - US,Direct Drop,DDP,Ocean,8/31/2010,9/21/2010,5-Apr-11,5-Apr-11,5-Apr-11,ARV,Adult,CIPLA LIMITED,"Nevirapine 200mg, tablets, 60 Tabs",Nevirapine,Generic,200mg,Tablet,60,69125,192858.75,2.79,0.05,"Cipla, Goa, India",Yes,7346,19261.02,415.8
84353,151-NG-T30,FPQ-13293,SO-47281,DN-3622,Nigeria,PMO - US,From RDC,N/A - From RDC,Air Charter,11/19/2013,N/A - From RDC,6-May-14,17-Apr-14,2-May-14,ARV,Pediatric,SCMS from RDC,"Lamivudine/Zidovudine 30/60mg, tablets, 60 Tabs",Lamivudine/Zidovudine,Generic,30/60mg,Tablet - FDC,60,10819,23260.85,2.15,0.04,Mylan (formerly Matrix) Nashik,Yes,411,29674.91,23.91
86197,104-CI-T30,FPQ-14370,SO-49040,DN-4253,Côte d'Ivoire,PMO - US,From RDC,N/A - From RDC,Truck,5/23/2014,N/A - From RDC,8-Jun-15,8-Jun-15,19-Jun-15,ARV,Adult,SCMS from RDC,"Lopinavir/Ritonavir 200/50mg, tablets, 120 Tabs",Lopinavir/Ritonavir,Generic,200/50mg,Tablet,120,5900,114224.0,19.36,0.16,Mylan (formerly Matrix) Nashik,No,See DN-4253 (ID#:83334),See DN-4253 (ID#:83334),117.42
85788,110-ZM-T30,FPQ-7233,SO-39050,DN-2341,Zambia,PMO - US,From RDC,N/A - From RDC,Truck,3/1/2011,N/A - From RDC,21-Sep-11,26-Sep-11,26-Sep-11,ARV,Adult,SCMS from RDC,"Zidovudine 300mg, tablets, 60 Tabs",Zidovudine,Generic,300mg,Tablet,60,44163,318415.23,7.21,0.12,Hetero Unit III Hyderabad IN,No,See DN-2341 (ID#:85787),See DN-2341 (ID#:85787),525.39
35258,111-MZ-T30,FPQ-15323,SCMS-264760,ASN-29854,Mozambique,PMO - US,Direct Drop,EXW,Air,11/12/2014,11/19/2014,13-Jan-15,13-Jan-15,16-Jan-15,HRDT,HIV test,"Trinity Biotech, Plc","HIV 1/2, Uni-Gold HIV Kit, 20 Tests","HIV 1/2, Uni-Gold HIV Kit",Uni-Gold,,Test kit,20,27,864.0,32.0,1.6,"Trinity Biotech, Plc",Yes,Weight Captured Separately,Invoiced Separately,1.02
47233,116-ZA-T30,FPQ-12522,SCMS-199283,ASN-27980,South Africa,PMO - US,Direct Drop,DDP,Truck,7/11/2013,8/27/2014,27-Aug-14,27-Aug-14,27-Aug-14,ARV,Adult,S. BUYS WHOLESALER,"Emtricitabine/Tenofovir Disoproxil Fumarate 200/300mg, tablets, 30 Tabs",Emtricitabine/Tenofovir Disoproxil Fumarate,Generic,200/300mg,Tablet - FDC,30,11,370.96,33.72,1.12,"Aurobindo Unit III, India",No,Weight Captured Separately,Freight Included in Commodity Cost,0.46
83440,151-NG-T30,FPQ-5023,SO-36520,DN-1921,Nigeria,PMO - US,From RDC,N/A - From RDC,Air,2/10/2010,N/A - From RDC,15-Jul-10,28-Jun-10,28-Jun-10,ARV,Pediatric,SCMS from RDC,"Efavirenz 200mg, capsule, 90 Caps",Efavirenz,Generic,200mg,Capsule,90,1000,9710.0,9.71,0.11,"Aurobindo Unit III, India",Yes,120,Freight Included in Commodity Cost,20.93
85367,110-ZM-T30,FPQ-10728,SO-43460,DN-3186,Zambia,PMO - US,From RDC,N/A - From RDC,Truck,10/5/2012,N/A - From RDC,28-Jun-13,7-Jun-13,7-Jun-13,ARV,Adult,SCMS from RDC,"Lamivudine/Zidovudine 150/300mg, tablets, 60 Tabs",Lamivudine/Zidovudine,Generic,150/300mg,Tablet - FDC,60,92492,647444.0,7.0,0.12,Hetero Unit III Hyderabad IN,No,See DN-3186 (ID#:83688),See DN-3186 (ID#:83688),907.72
85414,102-BI-T30,FPQ-12602,SO-46050,DN-3383,Burundi,PMO - US,From RDC,N/A - From RDC,Air,7/9/2013,N/A - From RDC,29-Dec-13,20-Nov-13,27-Nov-13,ARV,Adult,SCMS from RDC,"Efavirenz/Lamivudine/Tenofovir Disoproxil Fumarate 600/300/300mg, tablets, 30 Tabs",Efavirenz/Lamivudine/Tenofovir Disoproxil Fumarate,Generic,600/300/300mg,Tablet - FDC,30,6120,68238.0,11.15,0.37,Hetero Unit III Hyderabad IN,Yes,820,4581.26,84.41
11294,106-HT-T01,Pre-PQ Process,SO-23750,DN-1100,Haiti,PMO - US,From RDC,N/A - From RDC,Air,Pre-PQ Process,N/A - From RDC,3-Mar-09,3-Mar-09,3-Mar-09,ARV,Pediatric,SCMS from RDC,"Efavirenz 200mg, capsule, 90 Caps",Efavirenz,Generic,200mg,Capsule,90,210,3204.6,15.26,0.17,"Aurobindo Unit III, India",No,See DN-1100 (ID#:11005),See DN-1100 (ID#:11005),6.28
83223,105-GY-T30,FPQ-13071,SO-46800,DN-3585,Guyana,PMO - US,From RDC,N/A - From RDC,Air,10/9/2013,N/A - From RDC,31-Mar-14,3-Apr-14,6-Jun-14,ARV,Pediatric,SCMS from RDC,"Lamivudine 10mg/ml, oral solution w/syringe, Bottle, 240 ml",Lamivudine,Generic,10mg/ml,Oral solution,240,118,171.1,1.45,0.01,"Aurobindo Unit III, India",Yes,552,7317.96,0.18
86403,110-ZM-T30,FPQ-7085,SO-38741,DN-2322,Zambia,PMO - US,From RDC,N/A - From RDC,Truck,2/3/2011,N/A - From RDC,29-Sep-11,29-Aug-11,29-Aug-11,ARV,Adult,SCMS from RDC,"Nevirapine 200mg, tablets, 60 Tabs",Nevirapine,Generic,200mg,Tablet,60,25000,62750.0,2.51,0.04,Mylan (formerly Matrix) Nashik,No,See DN-2322 (ID#:82973),See DN-2322 (ID#:82973),103.54
84916,104-CI-T30,FPQ-12800,SO-46423,DN-3630,Côte d'Ivoire,PMO - US,From RDC,N/A - From RDC,Air,8/9/2013,N/A - From RDC,30-Apr-14,25-Apr-14,6-Jun-14,ARV,Adult,SCMS from RDC,"Tenofovir Disoproxil Fumarate 300mg, tablets, 30 Tabs",Tenofovir Disoproxil Fumarate,Generic,300mg,Tablet,30,3300,12474.0,3.78,0.13,Mylan (formerly Matrix) Nashik,Yes,259,1008.9,15.43
84876,104-CI-T30,FPQ-12800,SO-46372,DN-3472,Côte d'Ivoire,PMO - US,From RDC,N/A - From RDC,Air,8/9/2013,N/A - From RDC,31-Jan-14,10-Jan-14,15-Jan-14,ARV,Pediatric,SCMS from RDC,"Lamivudine/Nevirapine/Zidovudine 30/50/60mg, dispersible tablets, 60 Tabs",Lamivudine/Nevirapine/Zidovudine,Generic,30/50/60mg,Chewable/dispersible tablet - FDC,60,2200,8250.0,3.75,0.06,"Cipla, Goa, India",Yes,192,3649.76,10.21
4646,102-NG-T01,Pre-PQ Process,SCMS-28650,ASN-3202,Nigeria,PMO - US,Direct Drop,DDP,Air,Pre-PQ Process,8/20/2008,27-Aug-08,27-Aug-08,27-Aug-08,HRDT,HIV test,BUNDI INTERNATIONAL DIAGNOSTICS LTD,"HIV 1/2, Bundi Rapid HIV Kit, 25 Tests","HIV 1/2, Bundi Rapid HIV Kit",Bundi,,Test kit,1,1369,51337.5,37.5,37.5,BUNDI INTERNATIONAL DIAGNOSTICS LTD,Yes,Weight Captured Separately,Freight Included in Commodity Cost,100.62
12112,107-RW-T01,Pre-PQ Process,SO-834,DN-352,Rwanda,PMO - US,From RDC,N/A - From RDC,Air,Pre-PQ Process,N/A - From RDC,14-Sep-07,14-Sep-07,14-Sep-07,HRDT,HIV test,SCMS from RDC,"HIV 1/2/O, First Response HIV 1-2.0, v.3.0 Cards Kit, 30 Tests","HIV 1/2/O, First Response HIV 1-2.0, v.3.0 Cards Kit",First Response,,Test kit,30,1883,31069.5,16.5,0.55,Premier Med. Corp Ltd. India,Yes,752,4436.76,49.71
86317,113-ZW-T30,FPQ-4694,SO-35351,DN-1948,Zimbabwe,PMO - US,From RDC,N/A - From RDC,Air,12/8/2009,N/A - From RDC,30-Jul-10,22-Jul-10,22-Jul-10,ARV,Adult,SCMS from RDC,"Lamivudine/Stavudine 150/30mg, tablets, 60 Tabs",Lamivudine/Stavudine,Generic,150/30mg,Tablet - FDC,60,99,324.72,3.28,0.05,"Cipla, Goa, India",No,See DN-1948 (ID#:82906),See DN-1948 (ID#:82906),0.7
83066,900-UG-T30,FPQ-10084,SO-42631,DN-2800,Uganda,PMO - US,From RDC,N/A - From RDC,Truck,6/7/2012,N/A - From RDC,27-Sep-12,27-Sep-12,27-Sep-12,ARV,Adult,SCMS from RDC,"Efavirenz 600mg, tablets, 30 Tabs",Efavirenz,Generic,600mg,Tablet,30,66160,258685.6,3.91,0.13,"Aurobindo Unit III, India",Yes,5641,2175.07,362.68
2474,116-ZA-T01,Pre-PQ Process,SCMS-47420,ASN-4280,South Africa,PMO - US,Direct Drop,DDP,Air,Pre-PQ Process,4/2/2009,31-Jul-09,20-Apr-09,20-Apr-09,ARV,Pediatric,S. BUYS WHOLESALER,"Lopinavir/Ritonavir 80/20mg/ml [Kaletra], oral solution, cool, Bottle 5 x 60 ml",Lopinavir/Ritonavir,Kaletra,80/20mg/ml,Oral solution,300,40,1440.0,36.0,0.12,ABBVIE (Abbott) Logis. UK,Yes,Weight Captured Separately,Freight Included in Commodity Cost,2.82
82856,102-SD-T30,FPQ-3812,SO-34550,DN-1624,Sudan,PMO - US,From RDC,N/A - From RDC,Air,6/3/2009,N/A - From RDC,30-Nov-09,22-Nov-09,22-Nov-09,HRDT,HIV test,SCMS from RDC,"HIV 1/2, Uni-Gold HIV Kit, 20 Tests","HIV 1/2, Uni-Gold HIV Kit",Uni-Gold,,Test kit,20,1250,40000.0,32.0,1.6,"Trinity Biotech, Plc",Yes,Weight Captured Separately,Invoiced Separately,78.4
54984,109-TZ-T30,FPQ-12588,SCMS-202300,ASN-22082,Tanzania,PMO - US,Direct Drop,FCA,Air,7/15/2013,8/9/2013,21-Nov-13,21-Nov-13,21-Nov-13,ARV,Pediatric,ABBVIE LOGISTICS (FORMERLY ABBOTT LOGISTICS BV),"Lopinavir/Ritonavir 100/25mg [Aluvia], tablets, 60 Tabs",Lopinavir/Ritonavir,Generic,100/25mg,Tablet,60,2736,16251.84,5.94,0.1,ABBVIE Ludwigshafen Germany,Yes,328,3940.54,20.1
31203,108-VN-T30,FPQ-9001,SCMS-131700,ASN-14757,Vietnam,PMO - US,Direct Drop,EXW,Air,12/15/2011,1/16/2012,15-May-12,15-May-12,15-May-12,ARV,Pediatric,MYLAN LABORATORIES LTD (FORMERLY MATRIX LABORATORIES),"Lamivudine/Nevirapine/Zidovudine 30/50/60mg, dispersible tablets, 60 Tabs",Lamivudine/Nevirapine/Zidovudine,Generic,30/50/60mg,Chewable/dispersible tablet - FDC,60,13877,57589.55,4.15,0.07,Mylan (formerly Matrix) Nashik,No,See ASN-14757 (ID#:30618),See ASN-14757 (ID#:30618),80.74
1719,104-CI-T01,Pre-PQ Process,SCMS-21270,ASN-1668,Côte d'Ivoire,PMO - US,Direct Drop,EXW,Air,Pre-PQ Process,4/7/2008,9-May-08,9-May-08,9-May-08,HRDT,HIV test - Ancillary,"Orgenics, Ltd","HIV, Lancet, Safety, for HIV Test kits, 100 Pcs","HIV, Lancet, Safety, for HIV Test kits, 100 Pcs",Generic,,Test kit - Ancillary,100,250,2.5,0.01,0.0,Inverness Japan,Yes,17,Freight Included in Commodity Cost,0.0
5114,123-NG-T01,Pre-PQ Process,SCMS-43960,ASN-4533,Nigeria,PMO - US,Direct Drop,EXW,Air,Pre-PQ Process,4/10/2009,3-Sep-09,3-Sep-09,3-Sep-09,ACT,ACT,MISSIONPHARMA A/S,"Artemether/Lumefantrine 20/120mg [Coartem], scored tablets, Blister 30 x 18 Tabs",Artemether/Lumefantrine,Coartem,20/120mg,Tablet - FDC + blister,540,2000,70420.0,35.21,0.07,"Novartis Pharma Suffern, USA",Yes,1250,17170.07,138.02
2921,116-ZA-T01,Pre-PQ Process,SCMS-14050,ASN-1251,South Africa,PMO - US,Direct Drop,DDP,,Pre-PQ Process,11/12/2007,29-Jan-08,29-Jan-08,29-Jan-08,ARV,Pediatric,"JSI R&T INSTITUTE, INC.","Lamivudine 10mg/ml [Epivir], oral solution, Bottle, 240 ml",Lamivudine,Epivir,10mg/ml,Oral solution,240,500,3630.0,7.26,0.03,GSK Mississauga (Canada),No,Weight Captured Separately,Freight Included in Commodity Cost,5.81
85653,110-ZM-T30,FPQ-4273,SO-33690,DN-1643,Zambia,PMO - US,From RDC,N/A - From RDC,Truck,9/17/2009,N/A - From RDC,15-Mar-10,5-Mar-10,5-Mar-10,ARV,Adult,SCMS from RDC,"Lamivudine/Nevirapine/Stavudine 150/200/30mg, tablets, 60 Tabs",Lamivudine/Nevirapine/Stavudine,Generic,150/200/30mg,Tablet - FDC,60,49760,321947.2,6.47,0.11,"Cipla, Goa, India",No,See DN-1643 (ID#:82293),See DN-1643 (ID#:82293),631.02
57852,116-ZA-T30,FPQ-12522,SCMS-199289,ASN-28033,South Africa,PMO - US,Direct Drop,DDP,Truck,7/11/2013,8/29/2014,29-Aug-14,29-Aug-14,29-Aug-14,ARV,Adult,S. BUYS WHOLESALER,"Abacavir 300mg, tablets, 60 Tabs",Abacavir,Generic,300mg,Tablet,60,88,6697.54,76.11,1.27,"Aurobindo Unit III, India",No,Weight Captured Separately,Freight Included in Commodity Cost,8.28
30226,111-MZ-T30,FPQ-9955,SCMS-148180,ASN-16096,Mozambique,PMO - US,Direct Drop,EXW,Air,5/28/2012,6/13/2012,4-Sep-12,4-Sep-12,4-Sep-12,HRDT,HIV test,"Orgenics, Ltd","HIV 1/2, Determine Complete HIV Kit, 100 Tests","HIV 1/2, Determine Complete HIV Kit",Determine,,Test kit,100,5500,440000.0,80.0,0.8,"Alere Medical Co., Ltd.",Yes,14938,43304.68,616.88
56234,102-KE-T30,FPQ-9119,SCMS-132950,ASN-13560,Kenya,PMO - US,Direct Drop,EXW,Air,1/3/2012,1/6/2012,16-Feb-12,16-Feb-12,16-Feb-12,HRDT,HIV test,"Trinity Biotech, Plc","HIV 1/2, Uni-Gold HIV Kit, 20 Tests","HIV 1/2, Uni-Gold HIV Kit",Uni-Gold,,Test kit,20,18000,576000.0,32.0,1.6,"Trinity Biotech, Plc",Yes,5876,40091.65,807.55
17501,108-VN-T30,FPQ-12051,SCMS-188700,ASN-21668,Vietnam,PMO - US,Direct Drop,EXW,Air,5/3/2013,5/15/2013,25-Sep-13,25-Sep-13,25-Sep-13,ARV,Adult,HETERO LABS LIMITED,"Abacavir 300mg, tablets, 60 Tabs",Abacavir,Generic,300mg,Tablet,60,771,9444.75,12.25,0.2,Hetero Unit III Hyderabad IN,Yes,136,678.96,11.68
6431,104-CI-T01,Pre-PQ Process,SCMS-42240,ASN-4457,Côte d'Ivoire,PMO - US,Direct Drop,FCA,Air,Pre-PQ Process,3/30/2009,24-Aug-09,24-Aug-09,24-Aug-09,ARV,Pediatric,ABBVIE LOGISTICS (FORMERLY ABBOTT LOGISTICS BV),"Lopinavir/Ritonavir 80/20mg/ml [Kaletra], oral solution, cool, Bottle 5 x 60 ml",Lopinavir/Ritonavir,Kaletra,80/20mg/ml,Oral solution,300,50,2055.0,41.1,0.14,ABBVIE (Abbott) Logis. UK,Yes,99,1939.99,4.03
85739,106-HT-T30,FPQ-6484,SO-38120,DN-2113,Haiti,PMO - US,From RDC,N/A - From RDC,Air,10/13/2010,N/A - From RDC,28-Feb-11,14-Feb-11,14-Feb-11,ARV,Adult,SCMS from RDC,"Lamivudine/Tenofovir Disoproxil Fumarate 300/300mg, tablets, 30 Tabs",Lamivudine/Tenofovir Disoproxil Fumarate,Generic,300/300mg,Tablet - FDC,30,1040,9172.8,8.82,0.29,Mylan (formerly Matrix) Nashik,No,See DN-2113 (ID#:82937),See DN-2113 (ID#:82937),19.78
84606,106-HT-T30,FPQ-5523,SO-36730,DN-2059,Haiti,PMO - US,From RDC,N/A - From RDC,Air,4/19/2010,N/A - From RDC,26-Nov-10,15-Dec-10,15-Dec-10,ARV,Adult,SCMS from RDC,"Nevirapine 200mg, tablets, 60 Tabs",Nevirapine,Generic,200mg,Tablet,60,53200,141512.0,2.66,0.04,"Strides, Bangalore, India.",No,See DN-2059 (ID#:84053),See DN-2059 (ID#:84053),305.1
12459,110-ZM-T01,Pre-PQ Process,SO-1035,DN-555,Zambia,PMO - US,From RDC,N/A - From RDC,,Pre-PQ Process,N/A - From RDC,25-Jan-08,25-Jan-08,25-Jan-08,ARV,Adult,SCMS from RDC,"Efavirenz 600mg, tablets, 30 Tabs",Efavirenz,Generic,600mg,Tablet,30,14465,179655.3,12.42,0.41,Mylan (formerly Matrix) Nashik,Yes,1135,4428.75,287.45
51380,117-ET-T30,FPQ-9209,SCMS-134730,ASN-14232,Ethiopia,PMO - US,Direct Drop,EXW,Air,1/18/2012,1/23/2012,2-Apr-12,2-Apr-12,2-Apr-12,HRDT,HIV test,"SHANGHAI KEHUA BIOENGINEERING CO.,LTD.  (KHB)","HIV 1/2, SKB Colloidal Gold, Diagnostic Kit, Antibody, 50 Tests","HIV 1/2, Colloidal Gold, Diagnostic Kit, Antibody",Colloidal Gold,,Test kit,1,1100,26950.0,24.5,24.5,"KHB Test Kit Facility, Shanghai China",Yes,780,7655.99,37.78
57394,102-SZ-T30,FPQ-10537,SCMS-159090,ASN-16722,Swaziland,PMO - US,Direct Drop,EXW,Air,8/23/2012,9/12/2012,19-Oct-12,19-Oct-12,19-Oct-12,HRDT,HIV test - Ancillary,"Orgenics, Ltd","Chase Buffer, Determine, 100 Tests, 2.5ml x 1 Vial","Chase Buffer, Determine, 100 Tests, 2.5ml x 1 Vial",Determine,,Test kit - Ancillary,1,220,1430.0,6.5,6.5,"Alere Medical Co., Ltd.",Yes,Weight Captured Separately,Invoiced Separately,2.0
9243,104-CI-T01,Pre-PQ Process,SCMS-29,ASN-114,Côte d'Ivoire,PMO - US,Direct Drop,EXW,Air,Pre-PQ Process,Date Not Captured,10-Oct-06,10-Oct-06,10-Oct-06,HRDT,HIV test,BIO-RAD LABORATORIES (FRANCE),"#108853** HIV, Genie II HIV-1/HIV-2 Kit, 40 Tests","HIV, Genie II HIV-1/HIV-2 Kit",Genie,,Test kit,40,733,55231.55,75.35,1.88,Bio-Rad Laboratories,Yes,783,7079.25,
12773,104-CI-T01,Pre-PQ Process,SO-1112,DN-582,Côte d'Ivoire,PMO - US,From RDC,N/A - From RDC,Air,Pre-PQ Process,N/A - From RDC,1-Feb-08,1-Feb-08,1-Feb-08,ARV,Pediatric,SCMS from RDC,"Stavudine 1mg/ml, powder for oral solution, 200 ml",Stavudine,Generic,1mg/ml,Oral solution,200,2326,3535.52,1.52,0.01,"Aurobindo Unit III, India",Yes,232,1704.79,5.66
21092,161-ZA-T30,FPQ-5303,SCMS-68940,ASN-8040,South Africa,PMO - US,Direct Drop,DDP,Air,3/18/2010,3/19/2010,7-Sep-10,15-Oct-10,15-Oct-10,ARV,Adult,Aurobindo Pharma Limited,"Efavirenz 600mg, tablets, 30 Tabs",Efavirenz,Generic,600mg,Tablet,30,34560,161395.2,4.67,0.16,"Aurobindo Unit III, India",Yes,3240,4263.07,347.97
9187,108-VN-T01,Pre-PQ Process,SCMS-46540,ASN-4487,Vietnam,PMO - US,Direct Drop,CIP,Air,Pre-PQ Process,5/27/2009,23-Jul-09,23-Jul-09,23-Jul-09,ARV,Pediatric,BRISTOL-MYERS SQUIBB,"Didanosine 25mg [Videx], chewable tablets, 60 Tabs",Didanosine,Videx,25mg,Chewable/dispersible tablet,60,80,560.0,7.0,0.12,"BMS Meymac, France",No,Weight Captured Separately,Freight Included in Commodity Cost,1.1
83400,110-ZM-T30,FPQ-4273,SO-33710,DN-1648,Zambia,PMO - US,From RDC,N/A - From RDC,Truck,9/17/2009,N/A - From RDC,5-Mar-10,5-Mar-10,5-Mar-10,ARV,Pediatric,SCMS from RDC,"Didanosine 100mg, chewable/dispersible tablets, 60 Tabs",Didanosine,Generic,100mg,Chewable/dispersible tablet,60,10000,77200.0,7.72,0.13,"Aurobindo Unit III, India",Yes,2085,3379.64,151.31
86314,151-NG-T30,FPQ-5023,SO-36442,DN-1900,Nigeria,PMO - US,From RDC,N/A - From RDC,Air,2/10/2010,N/A - From RDC,15-Jul-10,28-Jun-10,28-Jun-10,ARV,Adult,SCMS from RDC,"Efavirenz 600mg, tablets, 30 Tabs",Efavirenz,Generic,600mg,Tablet,30,10000,46000.0,4.6,0.15,"Aurobindo Unit III, India",Yes,857,Freight Included in Commodity Cost,99.18
7939,106-HT-T01,Pre-PQ Process,SCMS-75,ASN-75,Haiti,PMO - US,Direct Drop,DDP,Air,Pre-PQ Process,Date Not Captured,15-Sep-06,15-Sep-06,15-Sep-06,HRDT,HIV test,REINBOLD EXPORT IMPORT,"HIV 1/2, Determine Complete HIV Kit, 100 Tests","HIV 1/2, Determine Complete HIV Kit",Determine,,Test kit,100,150,22500.0,150.0,1.5,ABBVIE (Abbott) Japan Co. Ltd.,Yes,Weight Captured Separately,Freight Included in Commodity Cost,
3895,116-ZA-T01,Pre-PQ Process,SCMS-47050,ASN-4819,South Africa,PMO - US,Direct Drop,DDP,Truck,Pre-PQ Process,6/5/2009,12-Oct-09,21-Jul-09,21-Jul-09,ARV,Adult,S. BUYS WHOLESALER,"Didanosine EC 250mg [Videx EC], delayed-release capsules, Blister 3 x 10 Caps",Didanosine EC,Videx EC,250mg,Delayed-release capsules - blister,30,40,678.8,16.97,0.57,"BMS Meymac, France",No,Weight Captured Separately,Freight Included in Commodity Cost,1.33
12149,100-ZW-T01,Pre-PQ Process,SO-899,DN-469,Zimbabwe,PMO - US,From RDC,N/A - From RDC,Truck,Pre-PQ Process,N/A - From RDC,7-Dec-07,7-Dec-07,7-Dec-07,ARV,Adult,SCMS from RDC,"Lamivudine/Zidovudine 150/300mg, tablets, 60 Tabs",Lamivudine/Zidovudine,Generic,150/300mg,Tablet - FDC,60,1560,14820.0,9.5,0.16,"Aurobindo Unit III, India",Yes,147,1671.84,23.71
64367,102-SD-T30,FPQ-8264,SCMS-121851,ASN-13537,Sudan,PMO - US,Direct Drop,EXW,Air,9/7/2011,9/14/2011,20-Feb-12,20-Feb-12,20-Feb-12,HRDT,HIV test - Ancillary,"Orgenics, Ltd","Capillary Tubes, for Determine, EDTA, 50uL,100 Pcs","HIV, Capillary Tubes, for Determine, EDTA, 50uL,100 Pcs",Determine,,Test kit - Ancillary,100,4,32.0,8.0,0.08,"Alere Medical Co., Ltd.",Yes,2,1076.15,0.05
30130,109-TZ-T30,FPQ-14049,SCMS-239380,ASN-27718,Tanzania,PMO - US,Direct Drop,FCA,Air,4/11/2014,5/16/2014,2-Oct-14,2-Oct-14,3-Oct-14,ARV,Pediatric,ABBVIE LOGISTICS (FORMERLY ABBOTT LOGISTICS BV),"Lopinavir/Ritonavir 100/25mg [Aluvia], tablets, 60 Tabs",Lopinavir/Ritonavir,Generic,100/25mg,Tablet,60,546,3243.24,5.94,0.1,ABBVIE Ludwigshafen Germany,No,See ASN-27718 (ID#:24358),See ASN-27718 (ID#:24358),3.33
48151,107-RW-T30,FPQ-8932,SCMS-129870,ASN-13371,Rwanda,PMO - US,Direct Drop,EXW,Air,12/6/2011,12/13/2011,24-Jan-12,24-Jan-12,24-Jan-12,ARV,Adult,Aurobindo Pharma Limited,"Lamivudine/Tenofovir Disoproxil Fumarate 300/300mg, tablets, 30 Tabs",Lamivudine/Tenofovir Disoproxil Fumarate,Generic,300/300mg,Tablet - FDC,30,42074,225095.9,5.35,0.18,"Aurobindo Unit VII, IN",Yes,4105,25382.52,315.58
11655,114-UG-T01,Pre-PQ Process,SO-31360,DN-1287,Uganda,PMO - US,From RDC,N/A - From RDC,Air,Pre-PQ Process,N/A - From RDC,22-Jun-09,22-Jun-09,22-Jun-09,ARV,Adult,SCMS from RDC,"Efavirenz 600mg, tablets, 30 Tabs",Efavirenz,Generic,600mg,Tablet,30,7300,50005.0,6.85,0.23,"Aurobindo Unit III, India",No,See DN-1287 (ID#:11055),See DN-1287 (ID#:11055),98.01
86309,110-ZM-T30,FPQ-4356,SO-34130,DN-1865,Zambia,PMO - US,From RDC,N/A - From RDC,Truck,9/25/2009,N/A - From RDC,30-Jun-10,29-Jun-10,29-Jun-10,ARV,Adult,SCMS from RDC,"Lamivudine/Zidovudine 150/300mg, tablets, 60 Tabs",Lamivudine/Zidovudine,Generic,150/300mg,Tablet - FDC,60,100000,876000.0,8.76,0.15,Hetero Unit III Hyderabad IN,Yes,8544,11054.56,1716.96
13809,151-NG-T30,FPQ-14780,SCMS-254170,ASN-32902,Nigeria,PMO - US,Direct Drop,EXW,Air,8/13/2014,8/29/2014,5-Aug-15,5-Aug-15,10-Aug-15,ARV,Adult,EMCURE PHARMACEUTICALS LTD,"Atazanavir/Ritonavir 300/100mg, tablets, 30 Tabs",Atazanavir/Ritonavir,Generic,300/100mg,Tablet,30,4560,82080.0,18.0,0.6,"Emcure Plot No.P-2, I.T-B.T. Park, Phase II, MIDC, Hinjwadi, Pune, India",Yes,Weight Captured Separately,Invoiced Separately,84.38
1973,117-ET-T01,Pre-PQ Process,SCMS-27800,ASN-2747,Ethiopia,PMO - US,Direct Drop,EXW,Air,Pre-PQ Process,7/30/2008,3-Nov-08,3-Nov-08,3-Nov-08,HRDT,HIV test,"CHEMBIO DIAGNOSTIC SYSTEMS, INC.","HIV 1/2, Stat-Pak HIV, Kit, 20 Tests","HIV 1/2, Stat-Pak HIV, Kit",Stat-Pak,,Test kit,20,3982,107514.0,27.0,1.35,Chembio Diagnostics Sys. Inc.,Yes,1445,7303.25,210.73
82506,110-ZM-T30,FPQ-9773,SO-41991,DN-2833,Zambia,PMO - US,From RDC,N/A - From RDC,Truck,4/27/2012,N/A - From RDC,25-Sep-12,7-Sep-12,7-Sep-12,ARV,Adult,SCMS from RDC,"Nevirapine 200mg, tablets, 60 Tabs",Nevirapine,Generic,200mg,Tablet,60,18867,46035.48,2.44,0.04,Mylan (formerly Matrix) Nashik,Yes,17125,7317.47,64.54
15642,107-RW-T30,FPQ-6185,SCMS-84411,ASN-9660,Rwanda,PMO - US,Direct Drop,CIP,Air,9/3/2010,9/27/2010,9-Feb-11,9-Feb-11,9-Feb-11,ARV,Adult,CIPLA LIMITED,"Lopinavir/Ritonavir 200/50mg, tablets, 120 Tabs",Lopinavir/Ritonavir,Generic,200/50mg,Tablet,120,2486,85269.8,34.3,0.29,Cipla Ltd A-42 MIDC Mahar. IN,Yes,4354,Freight Included in Commodity Cost,183.84
18639,102-BI-T30,FPQ-9231,SCMS-141780,ASN-14979,Burundi,PMO - US,Direct Drop,EXW,Air,2/17/2012,4/9/2012,5-Jun-12,5-Jun-12,5-Jun-12,HRDT,HIV test,"Orgenics, Ltd","HIV 1/2, Determine Complete HIV Kit, 100 Tests","HIV 1/2, Determine Complete HIV Kit",Determine,,Test kit,100,1200,96000.0,80.0,0.8,"Alere Medical Co., Ltd.",Yes,577,14493.81,134.59
49540,103-SS-T30,FPQ-11497,SCMS-176740,ASN-18612,South Sudan,PMO - US,Direct Drop,EXW,Air,1/18/2013,2/8/2013,23-May-13,23-May-13,23-May-13,ARV,Pediatric,Aurobindo Pharma Limited,"Nevirapine 50mg, dispersible tablets (tablets for oral suspension), 30 Tabs",Nevirapine,Generic,50mg,Chewable/dispersible tablet,30,625,781.25,1.25,0.04,"Aurobindo Unit III, India",Yes,34,1191.93,0.97
4460,108-VN-T01,Pre-PQ Process,SCMS-23450,ASN-2336,Vietnam,PMO - US,Direct Drop,EXW,Air,Pre-PQ Process,5/14/2008,19-Sep-08,19-Sep-08,19-Sep-08,ARV,Adult,MYLAN LABORATORIES LTD (FORMERLY MATRIX LABORATORIES),"Efavirenz 600mg, tablets, 30 Tabs",Efavirenz,Generic,600mg,Tablet,30,10080,103219.2,10.24,0.34,Mylan (formerly Matrix) Nashik,No,See ASN-2336 (ID#:530),See ASN-2336 (ID#:530),165.15
84877,102-BI-T30,FPQ-12602,SO-46020,DN-3381,Burundi,PMO - US,From RDC,N/A - From RDC,Air,7/9/2013,N/A - From RDC,15-Nov-13,22-Nov-13,21-Jan-14,ARV,Adult,SCMS from RDC,"Lopinavir/Ritonavir 200/50mg, tablets, 120 Tabs",Lopinavir/Ritonavir,Generic,200/50mg,Tablet,120,27,567.0,21.0,0.18,"Aurobindo Unit III, India",No,See DN-3381 (ID#:84319),See DN-3381 (ID#:84319),0.7
60626,108-VN-T30,FPQ-8428,SCMS-123520,ASN-13475,Vietnam,PMO - US,Direct Drop,EXW,Air,9/21/2011,10/4/2011,1-Mar-12,1-Mar-12,1-Mar-12,ARV,Adult,Aurobindo Pharma Limited,"Nevirapine 200mg, tablets, 60 Tabs",Nevirapine,Generic,200mg,Tablet,60,5000,12500.0,2.5,0.04,"Aurobindo Unit III, India",No,See ASN-13475 (ID#:15772),See ASN-13475 (ID#:15772),20.62
10354,116-ZA-T01,Pre-PQ Process,SCMS-41160,ASN-3760,South Africa,PMO - US,Direct Drop,DDP,Air,Pre-PQ Process,Date Not Captured,1-Apr-09,26-Nov-08,26-Nov-08,ARV,Pediatric,S. BUYS WHOLESALER,"Zidovudine 10mg/ml [Retrovir], oral solution, Bottle, 200 ml",Zidovudine,Retrovir,10mg/ml,Oral solution,200,150,949.5,6.33,0.03,GSK Mississauga (Canada),No,See ASN-3760 (ID#:5049),See ASN-3760 (ID#:5049),1.86
11092,100-CI-T01,Pre-PQ Process,SO-373,DN-30,Côte d'Ivoire,PMO - US,From RDC,N/A - From RDC,,Pre-PQ Process,N/A - From RDC,15-Mar-07,15-Mar-07,15-Mar-07,ARV,Adult,SCMS from RDC,"Saquinavir 200mg [Invirase], capsules, 270 Caps",Saquinavir,Invirase,200mg,Capsule,270,482,37596.0,78.0,0.29,Roche Basel,No,See DN-30 (ID#:11091),See DN-30 (ID#:11091),
86532,151-NG-T30,FPQ-9968,SO-42680,DN-2947,Nigeria,PMO - US,From RDC,N/A - From RDC,Air,5/23/2012,N/A - From RDC,4-Dec-12,4-Dec-12,4-Dec-12,ARV,Adult,SCMS from RDC,"Lamivudine/Nevirapine/Zidovudine 150/200/300mg, tablets, 60 Tabs",Lamivudine/Nevirapine/Zidovudine,Generic,150/300/200mg,Tablet - FDC,60,138508,1332446.96,9.62,0.16,Mylan (formerly Matrix) Nashik,No,See DN-2947 (ID#:83642),See DN-2947 (ID#:83642),1868.09
60966,901-LR-T30,FPQ-8135,SCMS-118700,ASN-12267,Liberia,PMO - US,Direct Drop,EXW,Air,8/4/2011,8/18/2011,13-Oct-11,13-Oct-11,13-Oct-11,HRDT,HIV test,"Orgenics, Ltd","HIV 1/2, Determine Complete HIV Kit, 100 Tests","HIV 1/2, Determine Complete HIV Kit",Determine,,Test kit,100,695,55600.0,80.0,0.8,"Alere Medical Co., Ltd.",Yes,332,8738.06,91.74
11028,106-HT-T01,Pre-PQ Process,SO-2603,DN-866,Haiti,PMO - US,From RDC,N/A - From RDC,Air,Pre-PQ Process,N/A - From RDC,11-Aug-08,11-Aug-08,11-Aug-08,ARV,Pediatric,SCMS from RDC,"Efavirenz 200mg, capsule, 90 Caps",Efavirenz,Generic,200mg,Capsule,90,210,3360.0,16.0,0.18,"Aurobindo Unit III, India",Yes,26,997.46,5.38
83673,109-TZ-T30,FPQ-10545,SO-43130,DN-3103,Tanzania,PMO - US,From RDC,N/A - From RDC,Truck,8/24/2012,N/A - From RDC,31-May-13,22-Apr-13,22-Apr-13,ARV,Adult,SCMS from RDC,"Emtricitabine/Tenofovir Disoproxil Fumarate 200/300mg, tablets, 30 Tabs",Emtricitabine/Tenofovir Disoproxil Fumarate,Generic,200/300mg,Tablet - FDC,30,24042,145934.94,6.07,0.2,Mylan (formerly Matrix) Nashik,Yes,2006,3300.95,204.6
84041,104-CI-T30,FPQ-5623,SO-36881,DN-2012,Côte d'Ivoire,PMO - US,From RDC,N/A - From RDC,Truck,5/7/2010,N/A - From RDC,19-Oct-10,25-Sep-10,25-Sep-10,ARV,Adult,SCMS from RDC,"Nevirapine 200mg, tablets, 60 Tabs",Nevirapine,Generic,200mg,Tablet,60,12100,32186.0,2.66,0.04,Hetero Unit III Hyderabad IN,No,See DN-2012 (ID#:84040),See DN-2012 (ID#:84040),69.39
55814,102-SD-T30,FPQ-8261,SCMS-120441,ASN-12834,Sudan,PMO - US,Direct Drop,EXW,Air,8/29/2011,9/14/2011,6-Jan-12,6-Jan-12,6-Jan-12,HRDT,HIV test,"Orgenics, Ltd","HIV 1/2, Determine Complete HIV Kit, 100 Tests","HIV 1/2, Determine Complete HIV Kit",Determine,,Test kit,100,129,11481.0,89.0,0.89,"Alere Medical Co., Ltd.",Yes,60,1133.17,18.94
23724,161-ZA-T30,FPQ-7400,SCMS-104170,ASN-11477,South Africa,PMO - US,Direct Drop,DDP,Ocean,3/11/2011,3/30/2011,23-Sep-11,23-Sep-11,23-Sep-11,ARV,Pediatric,GLAXOSMITHKLINE EXPORT LIMITED,"Abacavir 20mg/ml [Ziagen], oral solution, Bottle, 240 ml",Abacavir,Ziagen,20mg/ml,Oral solution,240,20000,185600.0,9.28,0.04,GSK Mississauga (Canada),Yes,7656,9650.6,306.24
56395,116-ZA-T30,FPQ-14942,SCMS-259072,ASN-30377,South Africa,PMO - US,Direct Drop,DDP,Truck,9/11/2014,1/26/2015,26-Jan-15,26-Jan-15,26-Jan-15,ARV,Adult,PHARMACY DIRECT,"Emtricitabine/Tenofovir Disoproxil Fumarate 200/300mg, tablets, 30 Tabs",Emtricitabine/Tenofovir Disoproxil Fumarate,Generic,200/300mg,Tablet - FDC,30,11,240.14,21.83,0.73,"Aurobindo Unit III, India",No,Weight Captured Separately,Freight Included in Commodity Cost,0.25
37868,108-VN-T30,FPQ-7898,SCMS-113621,ASN-14065,Vietnam,PMO - US,Direct Drop,EXW,Air,6/27/2011,7/8/2011,13-Apr-12,13-Apr-12,13-Apr-12,ARV,Adult,STRIDES ARCOLAB LIMITED,"Efavirenz 600mg, tablets, 30 Tabs",Efavirenz,Generic,600mg,Tablet,30,21146,86698.6,4.1,0.14,"Strides, Bangalore, India.",Yes,1301,5664.49,143.05
69354,161-ZA-T30,FPQ-5303,SCMS-68950,ASN-7103,South Africa,PMO - US,Direct Drop,DDP,Air,3/18/2010,3/19/2010,11-Jun-10,11-Jun-10,11-Jun-10,ARV,Adult,Aurobindo Pharma Limited,"Lamivudine 150mg, tablets, 60 Tabs",Lamivudine,Generic,150mg,Tablet,60,66660,168649.8,2.53,0.04,"Aurobindo Unit III, India",Yes,3211,4116.81,363.61
84819,110-ZM-T30,FPQ-10728,SO-44770,DN-3161,Zambia,PMO - US,From RDC,N/A - From RDC,Truck,10/5/2012,N/A - From RDC,31-May-13,28-May-13,28-May-13,ARV,Adult,SCMS from RDC,"Efavirenz/Emtricitabine/Tenofovir Disoproxil Fumarate 600/200/300mg, tablets, 30 Tabs",Efavirenz/Emtricitabine/Tenofovir Disoproxil Fumarate,Generic,600/200/300mg,Tablet - FDC,30,249965,3239546.4,12.96,0.43,Mylan (formerly Matrix) Nashik,Yes,28182,17650.15,4541.84
86029,109-TZ-T30,FPQ-12587,SO-45997,DN-3477,Tanzania,PMO - US,From RDC,N/A - From RDC,Truck,7/4/2013,N/A - From RDC,31-Jan-14,7-Mar-14,12-Mar-14,ARV,Pediatric,SCMS from RDC,"Lamivudine/Nevirapine/Stavudine 30/50/6mg, dispersible tablets, 60 Tabs",Lamivudine/Nevirapine/Stavudine,Generic,30/50/6mg,Chewable/dispersible tablet - FDC,60,9312,21417.6,2.3,0.04,"Cipla, Goa, India",Yes,1221,4847.8,26.49
20684,116-ZA-T30,FPQ-14942,SCMS-259072,ASN-30377,South Africa,PMO - US,Direct Drop,DDP,Truck,9/11/2014,1/26/2015,26-Jan-15,26-Jan-15,26-Jan-15,ARV,Adult,PHARMACY DIRECT,"Efavirenz 600mg, tablets, 30 Tabs",Efavirenz,Generic,600mg,Tablet,30,153,1724.15,11.27,0.38,"Aurobindo Unit III, India",No,Weight Captured Separately,Freight Included in Commodity Cost,1.77
1804,116-ZA-T01,Pre-PQ Process,SCMS-23500,ASN-2293,South Africa,PMO - US,Direct Drop,DDP,Truck,Pre-PQ Process,Date Not Captured,20-Aug-08,8-May-08,8-May-08,ARV,Pediatric,S. BUYS WHOLESALER,"Nevirapine 10mg/ml [Viramune], oral suspension, Bottle, 240 ml",Nevirapine,Viramune,10mg/ml,Oral suspension,240,30,435.9,14.53,0.06,"BI, Ingelheim, Germany",No,Weight Captured Separately,Freight Included in Commodity Cost,0.7
85273,151-NG-T30,FPQ-9432,SO-42336,DN-2710,Nigeria,PMO - US,From RDC,N/A - From RDC,Air Charter,3/1/2012,N/A - From RDC,2-Aug-12,3-Jun-12,3-Jun-12,ARV,Adult,SCMS from RDC,"Lamivudine/Tenofovir Disoproxil Fumarate 300/300mg, tablets, 30 Tabs",Lamivudine/Tenofovir Disoproxil Fumarate,Generic,300/300mg,Tablet - FDC,30,27911,154626.94,5.54,0.18,"Cipla, Kurkumbh, India",Yes,11969,17090,216.79
83141,151-NG-T30,FPQ-11864,SO-45200,DN-3175,Nigeria,PMO - US,From RDC,N/A - From RDC,Air Charter,3/14/2013,N/A - From RDC,4-Sep-13,10-May-13,10-May-13,ARV,Pediatric,SCMS from RDC,"Abacavir/Lamivudine 60/30mg, tablets, 60 Tabs",Abacavir/Lamivudine,Generic,60/30mg,Tablet - FDC,60,955,4393.0,4.6,0.08,"Aurobindo Unit III, India",Yes,104,20666.07,5.43
10063,113-ZW-T01,Pre-PQ Process,SCMS-31850,ASN-2711,Zimbabwe,PMO - US,Direct Drop,CIP,Air,Pre-PQ Process,10/10/2008,15-Nov-08,15-Nov-08,15-Nov-08,HRDT,HIV test,BIOLYTICAL LABORATORIES INC.,"#109440**HIV 1/2, INSTI HIV Antibody Individual POC, 1 Test","HIV 1/2, INSTI HIV Antibody Individual POC, 1 Test",INSTi,,Test kit,1,5000,13398.72,2.68,2.68,bioLytical Laboratories,Yes,Weight Captured Separately,Freight Included in Commodity Cost,26.26
76189,161-ZA-T30,FPQ-5303,SCMS-69050,ASN-8509,South Africa,PMO - US,Direct Drop,DDP,Air,3/18/2010,3/19/2010,15-Dec-10,15-Dec-10,15-Dec-10,ARV,Adult,Aurobindo Pharma Limited,"Zidovudine 300mg, tablets, 60 Tabs",Zidovudine,Generic,300mg,Tablet,60,75048,557606.64,7.43,0.12,"Aurobindo Unit III, India",Yes,4023,3315.23,1202.2
86216,107-RW-T30,FPQ-16571,SO-51740,DN-4345,Rwanda,PMO - US,From RDC,N/A - From RDC,Air,7/7/2015,N/A - From RDC,8-Sep-15,26-Aug-15,2-Sep-15,ARV,Pediatric,SCMS from RDC,"Efavirenz 200mg, scored tablets, 90 Tabs",Efavirenz,Generic,200mg,Tablet,90,2434,22636.2,9.3,0.1,"Strides, Bangalore, India.",No,See DN-4345 (ID#:82820),See DN-4345 (ID#:82820),26.64
13027,108-VN-T30,FPQ-13524,SCMS-226220,ASN-26923,Vietnam,PMO - US,Direct Drop,EXW,Air,2/6/2014,3/10/2014,29-Jul-14,29-Jul-14,6-Aug-14,ARV,Adult,HETERO LABS LIMITED,"Efavirenz 600mg, tablets, 30 Tabs",Efavirenz,Generic,600mg,Tablet,30,5300,18550.0,3.5,0.12,Hetero Unit III Hyderabad IN,Yes,2922,5616.02,19.07
83456,151-NG-T30,FPQ-5023,SO-36468,DN-1993,Nigeria,PMO - US,From RDC,N/A - From RDC,Air Charter,2/10/2010,N/A - From RDC,12-Aug-10,17-Aug-10,17-Aug-10,ARV,Adult,SCMS from RDC,"Nevirapine 200mg, tablets, 60 Tabs",Nevirapine,Generic,200mg,Tablet,60,47150,128719.5,2.73,0.05,"Aurobindo Unit III, India",Yes,5357,6147.18,277.52
51225,116-ZA-T30,FPQ-13973,SCMS-238573,ASN-29122,South Africa,PMO - US,Direct Drop,DDP,Truck,4/30/2014,10/29/2014,29-Oct-14,29-Oct-14,29-Oct-14,ARV,Pediatric,PHARMACY DIRECT,"Lopinavir/Ritonavir 80/20mg/ml [Kaletra], oral solution, cool, Bottle 5 x 60 ml",Lopinavir/Ritonavir,Kaletra,80/20mg/ml,Oral solution,300,4,88.27,22.07,0.07,ABBVIE (Abbott) Logis. UK,Yes,Weight Captured Separately,Freight Included in Commodity Cost,0.09
80616,104-CI-T30,FPQ-6897,SCMS-100980,ASN-10406,Côte d'Ivoire,PMO - US,Direct Drop,FCA,Air,1/5/2011,3/24/2011,30-Jun-11,30-Jun-11,30-Jun-11,ARV,Adult,ABBVIE LOGISTICS (FORMERLY ABBOTT LOGISTICS BV),"Lopinavir/Ritonavir 200/50mg [Aluvia], tablets, 120 Tabs",Lopinavir/Ritonavir,Aluvia,200/50mg,Tablet,120,9517,320722.9,33.7,0.28,ABBVIE Ludwigshafen Germany,Yes,2368,17068.85,529.19
29957,116-ZA-T30,FPQ-4359,SCMS-54980,ASN-5373,South Africa,PMO - US,Direct Drop,DDP,Truck,10/8/2009,10/15/2009,19-Oct-09,19-Oct-09,19-Oct-09,ARV,Pediatric,S. BUYS WHOLESALER,"Zidovudine 10mg/ml [Retrovir], oral solution, Bottle, 200 ml",Zidovudine,Retrovir,10mg/ml,Oral solution,200,500,3894.27,7.79,0.04,GSK Mississauga (Canada),No,Weight Captured Separately,Freight Included in Commodity Cost,7.63
1246,104-CI-T01,Pre-PQ Process,SCMS-5,ASN-7,Côte d'Ivoire,PMO - US,Direct Drop,EXW,Air,Pre-PQ Process,Date Not Captured,14-Jul-06,14-Jul-06,14-Jul-06,HRDT,HIV test,Orasure Technologies Inc.,"HIV 1/2, OraQuick Advance HIV Rapid Antibody Kit, 100 Tests","HIV 1/2, OraQuick Advance HIV Rapid Antibody Kit",OraQuick,,Test kit,100,6,2400.0,400.0,4.0,"Pacific Biotech, Thailand",Yes,15,1039.5,
30977,114-UG-T30,FPQ-14070,SCMS-237170,ASN-26329,Uganda,PMO - US,Direct Drop,EXW,Air,4/10/2014,4/30/2014,26-Jun-14,26-Jun-14,26-Jun-14,HRDT,HIV test,BIO-RAD LABORATORIES (FRANCE),"HIV 1/2, Genie III Kit, 50 Tests","HIV 1/2, Genie III Kit",Genie,,Test kit,50,30,2982.0,99.4,1.99,Bio-Rad Laboratories,Yes,19,846.03,3.07
86351,110-ZM-T30,FPQ-5702,SO-36851,DN-2053,Zambia,PMO - US,From RDC,N/A - From RDC,Truck,5/20/2010,N/A - From RDC,26-Nov-10,3-Dec-10,3-Dec-10,ARV,Adult,SCMS from RDC,"Efavirenz 600mg, tablets, 30 Tabs",Efavirenz,Generic,600mg,Tablet,30,170000,768400.0,4.52,0.15,Mylan (formerly Matrix) Nashik,No,See DN-2053 (ID#:85164),See DN-2053 (ID#:85164),1656.67
422,116-ZA-T01,Pre-PQ Process,SCMS-19800,ASN-1665,South Africa,PMO - US,Direct Drop,DDP,Truck,Pre-PQ Process,2/20/2008,24-Apr-08,24-Apr-08,24-Apr-08,ARV,Adult,S. BUYS WHOLESALER,"Saquinavir 200mg [Invirase], capsules, 270 Caps",Saquinavir,Invirase,200mg,Capsule,270,6,405.06,67.51,0.25,Roche Basel,Yes,Weight Captured Separately,Freight Included in Commodity Cost,0.65
85497,151-NG-T30,FPQ-13293,SO-47286,DN-3792,Nigeria,PMO - US,From RDC,N/A - From RDC,Air Charter,11/19/2013,N/A - From RDC,30-Jun-14,20-Jun-14,25-Jun-14,ARV,Adult,SCMS from RDC,"Lamivudine/Zidovudine 150/300mg, tablets, 60 Tabs",Lamivudine/Zidovudine,Generic,150/300mg,Tablet - FDC,60,34000,221680.0,6.52,0.11,Hetero Unit III Hyderabad IN,No,See DN-3792 (ID#:83259),See DN-3792 (ID#:83259),227.89
1926,116-ZA-T01,Pre-PQ Process,SCMS-26820,ASN-2487,South Africa,PMO - US,Direct Drop,DDP,Truck,Pre-PQ Process,Date Not Captured,10-Jul-08,14-Jul-08,14-Jul-08,ARV,Adult,S. BUYS WHOLESALER,"Zidovudine 300mg [Retrovir], tablets, 60 Tabs",Zidovudine,Retrovir,300mg,Tablet,60,50,663.5,13.27,0.22,GSK Aranda,Yes,Weight Captured Separately,Freight Included in Commodity Cost,1.06
9173,119-NA-T01,Pre-PQ Process,SCMS-45630,ASN-4079,Namibia,PMO - US,Direct Drop,EXW,Air,Pre-PQ Process,5/8/2009,8-Jun-09,8-Jun-09,8-Jun-09,ARV,Pediatric,Aurobindo Pharma Limited,"Stavudine 1mg/ml, powder for oral solution, 200 ml",Stavudine,Generic,1mg/ml,Oral solution,200,800,1072.0,1.34,0.01,"Aurobindo Unit III, India",Yes,98,1770.43,2.1
85503,109-TZ-T30,FPQ-13042,SO-46675,DN-3812,Tanzania,PMO - US,From RDC,N/A - From RDC,Truck,10/1/2013,N/A - From RDC,29-Aug-14,23-Sep-14,24-Nov-14,ARV,Pediatric,SCMS from RDC,"Lamivudine/Nevirapine/Zidovudine 30/50/60mg, dispersible tablets, 60 Tabs",Lamivudine/Nevirapine/Zidovudine,Generic,30/50/60mg,Chewable/dispersible tablet - FDC,60,17000,63410.0,3.73,0.06,Mylan (formerly Matrix) Nashik,Yes,931,6002,78.44
13696,105-DO-T30,FPQ-7858,SCMS-117380,ASN-12145,Dominican Republic,PMO - US,Direct Drop,EXW,Air,6/21/2011,8/3/2011,27-Sep-11,27-Sep-11,27-Sep-11,HRDT,HIV test - Ancillary,"Standard Diagnostics, Inc.","HIV 1/2, Bioline 3.0 Diluent, 25 Tests, Bottle x 5 ml","HIV 1/2, Bioline 3.0 Diluent, 25 Tests",Bioline,,Test kit - Ancillary,1,448,403.2,0.9,0.9,"Standard Diagnostics, Korea",Yes,71,844.36,0.67
82441,101-CD-T30,FPQ-8840,SO-41145,DN-2509,"Congo, DRC",PMO - US,From RDC,N/A - From RDC,Air,11/21/2011,N/A - From RDC,16-Mar-12,13-Apr-12,13-Apr-12,ARV,Adult,SCMS from RDC,"Zidovudine 300mg, tablets, 60 Tabs",Zidovudine,Generic,300mg,Tablet,60,98,687.96,7.02,0.12,Hetero Unit III Hyderabad IN,Yes,65,1418.01,0.96
5053,116-ZA-T01,Pre-PQ Process,SCMS-41190,ASN-3732,South Africa,PMO - US,Direct Drop,DDP,Air,Pre-PQ Process,Date Not Captured,30-Mar-09,21-Jan-09,21-Jan-09,ARV,Pediatric,S. BUYS WHOLESALER,"Efavirenz 200mg [Stocrin/Sustiva], capsule, 90 Caps",Efavirenz,Stocrin/Sustiva,200mg,Capsule,90,30,829.5,27.65,0.31,"MSD Midrand, J'burg, SA",No,Weight Captured Separately,Freight Included in Commodity Cost,1.63
84169,113-ZW-T30,FPQ-8464,SO-40870,DN-2656,Zimbabwe,PMO - US,From RDC,N/A - From RDC,Truck,10/4/2011,N/A - From RDC,12-Jun-12,25-May-12,25-May-12,ARV,Adult,SCMS from RDC,"Lamivudine/Zidovudine 150/300mg, tablets, 60 Tabs",Lamivudine/Zidovudine,Generic,150/300mg,Tablet - FDC,60,3345,26024.1,7.78,0.13,Mylan (formerly Matrix) Nashik,No,See DN-2656 (ID#:83032),See DN-2656 (ID#:83032),42.94
12283,104-CI-T01,Pre-PQ Process,SO-27520,DN-1234,Côte d'Ivoire,PMO - US,From RDC,N/A - From RDC,Air,Pre-PQ Process,N/A - From RDC,11-Jun-09,11-Jun-09,11-Jun-09,ARV,Adult,SCMS from RDC,"Zidovudine 300mg, tablets, 60 Tabs",Zidovudine,Generic,300mg,Tablet,60,10000,77100.0,7.71,0.13,"Aurobindo Unit III, India",No,See DN-1234 (ID#:11970),See DN-1234 (ID#:11970),151.12
86274,106-HT-T30,FPQ-4384,SO-35920,DN-1667,Haiti,PMO - US,From RDC,N/A - From RDC,Air,10/23/2009,N/A - From RDC,10-Mar-10,3-Mar-10,3-Mar-10,ARV,Adult,SCMS from RDC,"Lamivudine 150mg, tablets, 60 Tabs",Lamivudine,Generic,150mg,Tablet,60,7920,19324.8,2.44,0.04,"Aurobindo Unit III, India",No,See DN-1667 (ID#:82861),See DN-1667 (ID#:82861),41.66
12568,151-NG-T01,Pre-PQ Process,SO-22521,DN-1196,Nigeria,PMO - US,From RDC,N/A - From RDC,Air Charter,Pre-PQ Process,N/A - From RDC,8-May-09,8-May-09,8-May-09,ARV,Adult,SCMS from RDC,"Lamivudine/Nevirapine/Zidovudine 150/200/300mg, tablets, 60 Tabs",Lamivudine/Nevirapine/Zidovudine,Generic,150/300/200mg,Tablet - FDC,60,71422,814210.8,11.4,0.19,"Aurobindo Unit III, India",Yes,8016,15128.37,1595.85
2439,116-ZA-T01,Pre-PQ Process,SCMS-41190,ASN-3732,South Africa,PMO - US,Direct Drop,DDP,Air,Pre-PQ Process,Date Not Captured,30-Mar-09,21-Jan-09,21-Jan-09,ARV,Adult,S. BUYS WHOLESALER,"Stavudine 30mg, capsules, 60 Caps",Stavudine,Generic,30mg,Capsule,60,1000,2920.0,2.92,0.05,"Aurobindo Unit III, India",Yes,Weight Captured Separately,Freight Included in Commodity Cost,5.72
68207,116-ZA-T30,FPQ-4770,SCMS-60170,ASN-5934,South Africa,PMO - US,Direct Drop,DDP,Truck,12/17/2009,12/23/2009,28-Dec-09,28-Dec-09,28-Dec-09,ARV,Pediatric,S. BUYS WHOLESALER,"Lamivudine 10mg/ml [Epivir], oral solution, Bottle, 240 ml",Lamivudine,Epivir,10mg/ml,Oral solution,240,800,4943.88,6.18,0.03,GSK Mississauga (Canada),No,Weight Captured Separately,Freight Included in Commodity Cost,10.66
837,116-ZA-T01,Pre-PQ Process,SCMS-33320,ASN-3553,South Africa,PMO - US,Direct Drop,DDP,Truck,Pre-PQ Process,Date Not Captured,17-May-09,9-Oct-08,9-Oct-08,ARV,Pediatric,S. BUYS WHOLESALER,"Stavudine 1mg/ml [Zerit], powder for oral solution, Bottle, 200 ml",Stavudine,Zerit,1mg/ml,Powder for oral solution,200,600,858.0,1.43,0.01,"BMS Meymac, France",No,Weight Captured Separately,Freight Included in Commodity Cost,1.68
57308,116-ZA-T30,FPQ-11828,SCMS-183950,ASN-19166,South Africa,South Africa Field Office,Direct Drop,DDP,Truck,3/18/2013,Date Not Captured,16-Apr-13,16-Apr-13,16-Apr-13,ARV,Adult,S. BUYS WHOLESALER,"Didanosine 400mg, delayed-release capsules, 30 Caps",Didanosine,Generic,400mg,Delayed-release capsules,30,251,4996.06,19.9,0.66,"Aurobindo Unit III, India",No,Weight Captured Separately,Freight Included in Commodity Cost,6.18
23452,200-ZW-T30,FPQ-6488,SCMS-90690,ASN-13957,Zimbabwe,PMO - US,Direct Drop,FCA,Air,10/26/2010,11/10/2010,2-Apr-12,2-Apr-12,2-Apr-12,ARV,Pediatric,ABBVIE LOGISTICS (FORMERLY ABBOTT LOGISTICS BV),"Lopinavir/Ritonavir 80/20mg/ml [Kaletra], oral solution, cool, Bottle 5 x 60 ml",Lopinavir/Ritonavir,Kaletra,80/20mg/ml,Oral solution,300,1251,38555.82,30.82,0.1,ABBVIE (Abbott) Logis. UK,Yes,Weight Captured Separately,Invoiced Separately,83.13
464,102-NG-T01,Pre-PQ Process,SCMS-21540,ASN-2008,Nigeria,PMO - US,Direct Drop,EXW,Air,Pre-PQ Process,Date Not Captured,9-Jul-08,9-Jul-08,9-Jul-08,HRDT,HIV test,"Orgenics, Ltd","HIV 1/2, Determine HIV Kit, without Lancets, 100 Tests","HIV 1/2, Determine HIV Kit, without Lancets",Determine,,Test kit,100,5498,439785.02,79.99,0.8,Inverness Japan,Yes,1251,16090.22,703.66
61009,161-ZA-T30,FPQ-5303,SCMS-68951,ASN-7438,South Africa,PMO - US,Direct Drop,DDP,Air,3/18/2010,3/19/2010,14-Jul-10,24-Aug-10,24-Aug-10,ARV,Pediatric,Aurobindo Pharma Limited,"Lamivudine 10mg/ml, oral solution w/syringe, Bottle, 240 ml",Lamivudine,Generic,10mg/ml,Oral solution,240,11640,34920.0,3.0,0.01,"Aurobindo Unit III, India",Yes,4440,3283.59,75.29
10900,110-ZM-T01,Pre-PQ Process,SO-207,DN-383,Zambia,PMO - US,From RDC,N/A - From RDC,,Pre-PQ Process,N/A - From RDC,17-Oct-07,17-Oct-07,17-Oct-07,ARV,Pediatric,SCMS from RDC,"Zidovudine 100mg [Retrovir], capsules, 100 Caps",Zidovudine,Retrovir,100mg,Capsule,100,2623,27279.2,10.4,0.1,GSK Crawley,Yes,159,1007.34,43.65
41062,101-CD-T30,FPQ-12093,SCMS-189050,ASN-21267,"Congo, DRC",PMO - US,Direct Drop,FCA,Air,4/23/2013,5/23/2013,15-Jan-14,15-Jan-14,4-Feb-14,ARV,Pediatric,ABBVIE LOGISTICS (FORMERLY ABBOTT LOGISTICS BV),"Lopinavir/Ritonavir 100/25mg [Aluvia], tablets, 60 Tabs",Lopinavir/Ritonavir,Generic,100/25mg,Tablet,60,304,1805.76,5.94,0.1,ABBVIE Ludwigshafen Germany,Yes,43,453.31,2.23
76541,105-DO-T30,FPQ-13790,SCMS-231370,ASN-25280,Dominican Republic,PMO - US,Direct Drop,EXW,Air,2/26/2014,3/19/2014,11-Apr-14,11-Apr-14,24-Apr-14,HRDT,HIV test,"Trinity Biotech, Plc","HIV 1/2, Uni-Gold HIV Kit, 20 Tests","HIV 1/2, Uni-Gold HIV Kit",Uni-Gold,,Test kit,20,500,16000.0,32.0,1.6,"Trinity Biotech, Plc",Yes,146,790.78,16.45
56844,110-ZM-T30,FPQ-6263,SCMS-87290,ASN-8999,Zambia,PMO - US,Direct Drop,EXW,Air,9/8/2010,10/7/2010,17-Dec-10,16-Dec-10,16-Dec-10,HRDT,HIV test,"Orgenics, Ltd","HIV 1/2, Determine Complete HIV Kit, 100 Tests","HIV 1/2, Determine Complete HIV Kit",Determine,,Test kit,100,2041,163280.0,80.0,0.8,Inverness Japan,Yes,989,16654.29,352.03
35082,108-VN-T30,FPQ-3896,SCMS-48280,ASN-4871,Vietnam,PMO - US,Direct Drop,EXW,Air,6/25/2009,6/29/2009,28-Sep-09,28-Sep-09,28-Sep-09,ARV,Adult,MYLAN LABORATORIES LTD (FORMERLY MATRIX LABORATORIES),"Tenofovir Disoproxil Fumarate 300mg, tablets, 30 Tabs",Tenofovir Disoproxil Fumarate,Generic,300mg,Tablet,30,504,4158.0,8.25,0.28,Mylan (formerly Matrix) Nashik,No,See ASN-4871 (ID#:14331),See ASN-4871 (ID#:14331),8.15
84747,104-CI-T30,FPQ-9063,SO-41360,DN-2816,Côte d'Ivoire,PMO - US,From RDC,N/A - From RDC,Truck,12/21/2011,N/A - From RDC,2-Oct-12,27-Aug-12,27-Aug-12,ARV,Adult,SCMS from RDC,"Lamivudine/Nevirapine/Zidovudine 150/200/300mg, tablets, 60 Tabs",Lamivudine/Nevirapine/Zidovudine,Generic,150/300/200mg,Tablet - FDC,60,75000,735750.0,9.81,0.16,Mylan (formerly Matrix) Nashik,Yes,14413,11874.85,1031.52
57905,116-ZA-T30,FPQ-14942,SCMS-259076,ASN-32524,South Africa,PMO - US,Direct Drop,DDP,Truck,9/11/2014,6/2/2015,2-Jun-15,2-Jun-15,2-Jun-15,ARV,Adult,PHARMACY DIRECT,"Didanosine 400mg, delayed-release capsules, 30 Caps",Didanosine,Generic,400mg,Delayed-release capsules,30,6,85.31,14.22,0.47,"Aurobindo Unit III, India",No,Weight Captured Separately,Freight Included in Commodity Cost,0.09
67980,133-NG-T30,FPQ-10765,SCMS-162440,ASN-17525,Nigeria,PMO - US,Direct Drop,EXW,Air,10/5/2012,10/16/2012,9-Jan-13,8-Jan-13,8-Jan-13,HRDT,HIV test,"Orgenics, Ltd","HIV 1/2, Determine Complete HIV Kit, 100 Tests","HIV 1/2, Determine Complete HIV Kit",Determine,,Test kit,100,2744,244216.0,89.0,0.89,"Alere Medical Co., Ltd.",Yes,1186,24927.19,342.39
10754,109-TZ-T01,Pre-PQ Process,SO-11820,DN-868,Tanzania,PMO - US,From RDC,N/A - From RDC,Air,Pre-PQ Process,N/A - From RDC,22-Aug-08,22-Aug-08,22-Aug-08,ARV,Adult,SCMS from RDC,"Efavirenz 600mg, tablets, 30 Tabs",Efavirenz,Generic,600mg,Tablet,30,145000,1741450.0,12.01,0.4,Mylan (formerly Matrix) Nashik,Yes,11186,9330,2786.32
12649,100-CI-T01,Pre-PQ Process,SO-432,DN-82,Côte d'Ivoire,PMO - US,From RDC,N/A - From RDC,,Pre-PQ Process,N/A - From RDC,30-Apr-07,30-Apr-07,30-Apr-07,ARV,Adult,SCMS from RDC,"Lamivudine/Nevirapine/Stavudine 150/200/30mg, tablets, 60 Tabs",Lamivudine/Nevirapine/Stavudine,Generic,150/200/30mg,Tablet - FDC,60,9000,67500.0,7.5,0.12,"Cipla, Goa, India",Yes,974,3166,
49587,116-ZA-T30,FPQ-12522,SCMS-199283,ASN-27976,South Africa,PMO - US,Direct Drop,DDP,Truck,7/11/2013,8/27/2014,27-Aug-14,27-Aug-14,27-Aug-14,ARV,Adult,S. BUYS WHOLESALER,"Abacavir 300mg, tablets, 60 Tabs",Abacavir,Generic,300mg,Tablet,60,50,3857.34,77.15,1.29,"Aurobindo Unit III, India",No,Weight Captured Separately,Freight Included in Commodity Cost,4.77
530,108-VN-T01,Pre-PQ Process,SCMS-23450,ASN-2336,Vietnam,PMO - US,Direct Drop,EXW,Air,Pre-PQ Process,5/14/2008,19-Sep-08,19-Sep-08,19-Sep-08,ARV,Adult,MYLAN LABORATORIES LTD (FORMERLY MATRIX LABORATORIES),"Tenofovir Disoproxil Fumarate 300mg, tablets, 30 Tabs",Tenofovir Disoproxil Fumarate,Generic,300mg,Tablet,30,1344,18359.04,13.66,0.46,Mylan (formerly Matrix) Nashik,Yes,1537,13507.92,29.37
82177,108-VN-T30,FPQ-14516,SCMS-249050,ASN-29372,Vietnam,PMO - US,Direct Drop,EXW,Air,7/9/2014,8/11/2014,17-Dec-14,17-Dec-14,17-Dec-14,ARV,Adult,HETERO LABS LIMITED,"Efavirenz 600mg, tablets, 30 Tabs",Efavirenz,Generic,600mg,Tablet,30,5000,17500.0,3.5,0.12,Hetero Unit III Hyderabad IN,No,See ASN-29372 (ID#:71477),See ASN-29372 (ID#:71477),17.99
86405,114-UG-T30,FPQ-7162,SO-38800,DN-2329,Uganda,PMO - US,From RDC,N/A - From RDC,Truck,2/14/2011,N/A - From RDC,5-Aug-11,24-Aug-11,24-Aug-11,ARV,Adult,SCMS from RDC,"Lamivudine/Tenofovir Disoproxil Fumarate 300/300mg, tablets, 30 Tabs",Lamivudine/Tenofovir Disoproxil Fumarate,Generic,300/300mg,Tablet - FDC,30,30000,246900.0,8.23,0.27,Mylan (formerly Matrix) Nashik,No,See DN-2329 (ID#:82976),See DN-2329 (ID#:82976),407.38
53064,102-KE-T30,FPQ-6406,SCMS-88211,ASN-9550,Kenya,PMO - US,Direct Drop,EXW,Air,9/27/2010,11/22/2010,10-Feb-11,10-Feb-11,10-Feb-11,HRDT,HIV test,"Orgenics, Ltd","HIV 1/2, Determine Complete HIV Kit, 100 Tests","HIV 1/2, Determine Complete HIV Kit",Determine,,Test kit,100,1,89.0,89.0,0.89,Inverness Japan,Yes,1370,14515.01,0.19
28918,111-MZ-T30,FPQ-8116,SCMS-118350,ASN-14302,Mozambique,PMO - US,Direct Drop,EXW,Air,8/4/2011,3/19/2012,25-May-12,25-May-12,25-May-12,HRDT,HIV test,"Trinity Biotech, Plc","HIV 1/2, Uni-Gold HIV Kit, 20 Tests","HIV 1/2, Uni-Gold HIV Kit",Uni-Gold,,Test kit,20,7500,240000.0,32.0,1.6,"Trinity Biotech, Plc",Yes,2451,35569.75,396.0
12205,119-NA-T01,Pre-PQ Process,SO-1929,DN-650,Namibia,PMO - US,From RDC,N/A - From RDC,Air,Pre-PQ Process,N/A - From RDC,17-Apr-08,17-Apr-08,17-Apr-08,HRDT,HIV test - Ancillary,SCMS from RDC,"HIV, Lancet, Safety, for HIV Test kits, 100 Pcs","HIV, Lancet, Safety, for HIV Test kits, 100 Pcs",Generic,,Test kit - Ancillary,100,90,0.9,0.01,0.0,Inverness Japan,No,See DN-650 (ID#:11897),See DN-650 (ID#:11897),0.0
83470,200-DO-T30,FPQ-6616,SO-38030,DN-2066,Dominican Republic,PMO - US,From RDC,N/A - From RDC,Air,10/25/2010,N/A - From RDC,30-Nov-10,14-Dec-10,14-Dec-10,ARV,Adult,SCMS from RDC,"Abacavir 300mg, tablets, 60 Tabs",Abacavir,Generic,300mg,Tablet,60,3073,48829.97,15.89,0.26,Mylan (formerly Matrix) Nashik,Yes,594,4996.2,80.57
82898,151-NG-T30,FPQ-5023,SO-36492,DN-1911,Nigeria,PMO - US,From RDC,N/A - From RDC,Air,2/10/2010,N/A - From RDC,15-Jul-10,28-Jun-10,28-Jun-10,ARV,Adult,SCMS from RDC,"Lamivudine 150mg, tablets, 60 Tabs",Lamivudine,Generic,150mg,Tablet,60,3000,7320.0,2.44,0.04,"Aurobindo Unit III, India",Yes,142,Freight Included in Commodity Cost,15.78
82477,104-CI-T30,FPQ-8790,SO-41200,DN-2652,Côte d'Ivoire,PMO - US,From RDC,N/A - From RDC,Air,11/11/2011,N/A - From RDC,30-May-12,30-May-12,30-May-12,ARV,Adult,SCMS from RDC,"Lamivudine/Zidovudine 150/300mg, tablets, 60 Tabs",Lamivudine/Zidovudine,Generic,150/300mg,Tablet - FDC,60,69684,542141.52,7.78,0.13,Mylan (formerly Matrix) Nashik,Yes,6798,26205.83,760.08
84205,111-MZ-T30,FPQ-10210,SO-43420,DN-2938,Mozambique,PMO - US,From RDC,N/A - From RDC,Truck,6/28/2012,N/A - From RDC,11-Jan-13,11-Jan-13,11-Jan-13,ARV,Adult,SCMS from RDC,"Lamivudine/Nevirapine/Zidovudine 150/200/300mg, tablets, 60 Tabs",Lamivudine/Nevirapine/Zidovudine,Generic,150/300/200mg,Tablet - FDC,60,2484,23896.08,9.62,0.16,Hetero Unit III Hyderabad IN,Yes,249,4754.19,33.5
57392,900-UG-T30,FPQ-10089,SCMS-149411,ASN-15514,Uganda,PMO - US,Direct Drop,EXW,Air,6/7/2012,6/12/2012,27-Jul-12,27-Jul-12,27-Jul-12,ARV,Adult,HETERO LABS LIMITED,"Nevirapine 200mg, tablets, 60 Tabs",Nevirapine,Generic,200mg,Tablet,60,40860,95612.4,2.34,0.04,Hetero Unit III Hyderabad IN,Yes,12945,48653.36,134.05
85431,111-MZ-T30,FPQ-12416,SO-45896,DN-3483,Mozambique,PMO - US,From RDC,N/A - From RDC,Truck,6/28/2013,N/A - From RDC,31-Jan-14,10-Feb-14,17-Mar-14,ARV,Adult,SCMS from RDC,"Lamivudine/Zidovudine 150/300mg, tablets, 60 Tabs",Lamivudine/Zidovudine,Generic,150/300mg,Tablet - FDC,60,34552,232534.96,6.73,0.11,"Cipla, Goa, India",No,See DN-3483 (ID#:82633),See DN-3483 (ID#:82633),287.65
60690,106-HT-T30,FPQ-15038,SCMS-270280,ASN-30068,Haiti,PMO - US,Direct Drop,EXW,Air,10/22/2014,12/24/2014,16-Feb-15,16-Feb-15,16-Feb-15,ARV,Pediatric,Aurobindo Pharma Limited,"Nevirapine 50mg, dispersible tablets (tablets for oral suspension), 30 Tabs",Nevirapine,Generic,50mg,Chewable/dispersible tablet,30,6100,7625.0,1.25,0.04,"Aurobindo Unit III, India",Yes,353,4236.81,7.84
39075,117-ET-T30,FPQ-9209,SCMS-134720,ASN-14235,Ethiopia,PMO - US,Direct Drop,EXW,Air,1/18/2012,1/23/2012,27-Mar-12,27-Mar-12,27-Mar-12,HRDT,HIV test,"CHEMBIO DIAGNOSTIC SYSTEMS, INC.","HIV 1/2, Stat-Pak HIV, Kit, 20 Tests","HIV 1/2, Stat-Pak HIV, Kit",Stat-Pak,,Test kit,20,135,3915.0,29.0,1.45,Chembio Diagnostics Sys. Inc.,Yes,47,379.65,5.49
29043,106-HT-T30,FPQ-14083,SCMS-240202,ASN-28245,Haiti,PMO - US,Direct Drop,EXW,Ocean,5/11/2014,7/31/2014,17-Nov-14,17-Nov-14,17-Nov-14,ARV,Pediatric,MYLAN LABORATORIES LTD (FORMERLY MATRIX LABORATORIES),"Lamivudine/Zidovudine 30/60mg, dispersible tablets, 60 Tabs",Lamivudine/Zidovudine,Generic,30/60mg,Chewable/dispersible tablet - FDC,60,2550,5074.5,1.99,0.03,"Mylan,  H-12 & H-13, India",Yes,199,5215.49,5.22
38480,108-VN-T30,FPQ-11418,SCMS-176230,ASN-19651,Vietnam,PMO - US,Direct Drop,EXW,Air,1/29/2013,2/5/2013,21-Jun-13,21-Jun-13,21-Jun-13,ARV,Adult,MICRO LABS LIMITED,"Efavirenz 600mg, tablets, 30 Tabs",Efavirenz,Generic,600mg,Tablet,30,7882,25458.86,3.23,0.11,"Micro labs, Verna, Goa, India",Yes,472,6969.97,31.49
12661,104-CI-T01,Pre-PQ Process,SO-640,DN-173,Côte d'Ivoire,PMO - US,From RDC,N/A - From RDC,,Pre-PQ Process,N/A - From RDC,21-Jun-07,21-Jun-07,21-Jun-07,ARV,Adult,SCMS from RDC,"Lamivudine/Zidovudine 150/300mg, tablets, 60 Tabs",Lamivudine/Zidovudine,Generic,150/300mg,Tablet - FDC,60,35074,374590.32,10.68,0.18,"Aurobindo Unit III, India",Yes,3116,1478,
10564,111-MZ-T01,Pre-PQ Process,SO-576,DN-148,Mozambique,PMO - US,From RDC,N/A - From RDC,Air,Pre-PQ Process,N/A - From RDC,13-Jun-07,13-Jun-07,13-Jun-07,ARV,Adult,SCMS from RDC,"Indinavir 400mg [Crixivan], capsules, 180 Caps",Indinavir,Crixivan,400mg,Capsule,180,564,27816.48,49.32,0.27,MSD Elkton USA,Yes,3946,8892.48,
86721,111-MZ-T30,FPQ-14226,SO-48870,DN-3903,Mozambique,PMO - US,From RDC,N/A - From RDC,Truck,5/2/2014,N/A - From RDC,30-Dec-14,30-Oct-14,13-Nov-14,ARV,Adult,SCMS from RDC,"Lamivudine/Tenofovir Disoproxil Fumarate 300/300mg, tablets, 30 Tabs",Lamivudine/Tenofovir Disoproxil Fumarate,Generic,300/300mg,Tablet - FDC,30,38774,179911.36,4.64,0.15,Ranbaxy per Shasun Pharma,No,See DN-3903 (ID#:86131),See DN-3903 (ID#:86131),184.95
74834,116-ZA-T30,FPQ-13214,SCMS-215410,ASN-23875,South Africa,PMO - US,Direct Drop,DDP,Truck,11/14/2013,12/2/2013,13-Jan-14,13-Jan-14,13-Jan-14,ARV,Adult,S. BUYS WHOLESALER,"Lamivudine 150mg [Epivir], tablets, 60 Tabs",Lamivudine,Epivir,150mg,Tablet,60,115,1249.75,10.87,0.18,GSK Cape Town Factory (South Africa),No,Weight Captured Separately,Freight Included in Commodity Cost,1.28
43805,106-HT-T30,FPQ-13797,SCMS-234040,ASN-27086,Haiti,PMO - US,Direct Drop,EXW,Ocean,3/20/2014,5/5/2014,20-Oct-14,20-Oct-14,24-Oct-14,ARV,Adult,HETERO LABS LIMITED,"Lamivudine/Zidovudine 150/300mg, tablets, 60 Tabs",Lamivudine/Zidovudine,Generic,150/300mg,Tablet - FDC,60,9227,60990.47,6.61,0.11,Hetero Unit III Hyderabad IN,Yes,813,1922.5,62.7
23340,123-NG-T30,FPQ-8755,SCMS-129160,ASN-13338,Nigeria,PMO - US,Direct Drop,EXW,Air,11/11/2011,12/9/2011,9-Jan-12,9-Jan-12,9-Jan-12,ANTM,Malaria,IDA FOUNDATION,"Sulfadoxine/Pyrimethamine 500/25mg, tablets, Blister 10 x 3 Tabs",Sulfadoxine/Pyrimethamine,Generic,500/25mg,Tablet - FDC + blister,30,300,477.0,1.59,0.05,"Micro Labs Ltd. (Brown & Burk), India",Yes,14,350.02,0.67
18182,116-ZA-T30,FPQ-14942,SCMS-259073,ASN-30671,South Africa,PMO - US,Direct Drop,DDP,Truck,9/11/2014,2/12/2015,12-Feb-15,12-Feb-15,12-Feb-15,ARV,Adult,PHARMACY DIRECT,"Lamivudine/Zidovudine 150/300mg, tablets, 60 Tabs",Lamivudine/Zidovudine,Generic,150/300mg,Tablet - FDC,60,19,407.56,21.45,0.36,"Aurobindo Unit III, India",Yes,Weight Captured Separately,Freight Included in Commodity Cost,0.42
84722,151-NG-T30,FPQ-8952,SO-41922,DN-2649,Nigeria,PMO - US,From RDC,N/A - From RDC,Air Charter,12/8/2011,N/A - From RDC,20-Jun-12,30-Apr-12,30-Apr-12,ARV,Adult,SCMS from RDC,"Lamivudine/Tenofovir Disoproxil Fumarate 300/300mg, tablets, 30 Tabs",Lamivudine/Tenofovir Disoproxil Fumarate,Generic,300/300mg,Tablet - FDC,30,140273,777112.42,5.54,0.18,Mylan (formerly Matrix) Nashik,Yes,11734,27441.22,1089.51
83302,104-CI-T30,FPQ-14370,SO-49060,DN-4093,Côte d'Ivoire,PMO - US,From RDC,N/A - From RDC,Truck,5/23/2014,N/A - From RDC,30-Jan-15,12-Mar-15,13-Mar-15,ARV,Adult,SCMS from RDC,"Lamivudine/Tenofovir Disoproxil Fumarate 300/300mg, tablets, 30 Tabs",Lamivudine/Tenofovir Disoproxil Fumarate,Generic,300/300mg,Tablet - FDC,30,20000,92600.0,4.63,0.15,"Cipla, Kurkumbh, India",Yes,2000,8499.16,95.19
72424,161-ZA-T30,FPQ-5648,SCMS-75670,ASN-9183,South Africa,PMO - US,Direct Drop,DDP,Ocean,6/2/2010,6/17/2010,1-Feb-11,1-Feb-11,1-Feb-11,ARV,Pediatric,Aurobindo Pharma Limited,"Efavirenz 50mg, capsule, 30 Caps",Efavirenz,Generic,50mg,Capsule,30,92000,216200.0,2.35,0.08,"Aurobindo Unit III, India",Yes,5184,9592.95,466.13
83580,114-UG-T30,FPQ-8522,SO-40931,DN-2607,Uganda,PMO - US,From RDC,N/A - From RDC,Truck,10/5/2011,N/A - From RDC,16-May-12,27-Mar-12,27-Mar-12,ARV,Adult,SCMS from RDC,"Lamivudine/Nevirapine/Zidovudine 150/200/300mg, tablets, 60 Tabs",Lamivudine/Nevirapine/Zidovudine,Generic,150/300/200mg,Tablet - FDC,60,71568,787248.0,11.0,0.18,"Strides, Bangalore, India.",Yes,11441,55175.61,1298.96
12236,112-NG-T01,Pre-PQ Process,SO-11031,DN-901,Nigeria,PMO - US,From RDC,N/A - From RDC,Air,Pre-PQ Process,N/A - From RDC,10-Sep-08,10-Sep-08,10-Sep-08,ARV,Adult,SCMS from RDC,"Tenofovir Disoproxil Fumarate 300mg, tablets, 30 Tabs",Tenofovir Disoproxil Fumarate,Generic,300mg,Tablet,30,196,2677.36,13.66,0.46,Mylan (formerly Matrix) Nashik,Yes,12,900,4.28
84532,104-CI-T30,FPQ-4378,SO-34410,DN-1662,Côte d'Ivoire,PMO - US,From RDC,N/A - From RDC,Air,10/15/2009,N/A - From RDC,9-Mar-10,1-Mar-10,1-Mar-10,ARV,Pediatric,SCMS from RDC,"Nevirapine 10mg/ml, oral suspension, Bottle, 240 ml",Nevirapine,Generic,10mg/ml,Oral suspension,240,1431,2747.52,1.92,0.01,"Aurobindo Unit III, India",No,See DN-1662 (ID#:83981),See DN-1662 (ID#:83981),5.39
83196,109-TZ-T30,FPQ-12587,SO-45995,DN-3458,Tanzania,PMO - US,From RDC,N/A - From RDC,Truck,7/4/2013,N/A - From RDC,31-Dec-13,25-Feb-14,13-Mar-14,ARV,Adult,SCMS from RDC,"Emtricitabine/Tenofovir Disoproxil Fumarate 200/300mg, tablets, 30 Tabs",Emtricitabine/Tenofovir Disoproxil Fumarate,Generic,200/300mg,Tablet - FDC,30,2178,12784.86,5.87,0.2,"Aurobindo Unit III, India",Yes,2304,5989.25,15.81
35790,114-UG-T30,FPQ-12477,SCMS-198540,ASN-21766,Uganda,PMO - US,Direct Drop,EXW,Air,7/8/2013,7/31/2013,3-Oct-13,3-Oct-13,5-Oct-13,ARV,Adult,CIPLA LIMITED,"Lamivudine/Nevirapine/Zidovudine 150/200/300mg, tablets, 60 Tabs",Lamivudine/Nevirapine/Zidovudine,Generic,150/300/200mg,Tablet - FDC,60,114996,931467.6,8.1,0.13,"Cipla, Goa, India",Yes,15435,56180.34,1152.23
56016,105-SS-T30,FPQ-15569,SCMS-272160,ASN-31321,South Sudan,PMO - US,Direct Drop,EXW,Air,12/29/2014,2/20/2015,3-Jun-15,3-Jun-15,5-Jun-15,HRDT,HIV test - Ancillary,"Orgenics, Ltd","Capillary Tubes, for Determine, EDTA, 50uL,100 Pcs","HIV, Capillary Tubes, for Determine, EDTA, 50uL,100 Pcs",Determine,,Test kit - Ancillary,100,45,360.0,8.0,0.08,"Alere Medical Co., Ltd.",No,See ASN-31321 (ID#:30363),See ASN-31321 (ID#:30363),0.42
84539,151-NG-T30,FPQ-4537,SO-35041,DN-1701,Nigeria,PMO - US,From RDC,N/A - From RDC,Air Charter,11/6/2009,N/A - From RDC,19-Apr-10,31-Mar-10,31-Mar-10,ARV,Adult,SCMS from RDC,"Lamivudine/Nevirapine/Stavudine 150/200/30mg, tablets, 60 Tabs",Lamivudine/Nevirapine/Stavudine,Generic,150/200/30mg,Tablet - FDC,60,20,122.2,6.11,0.1,"Strides, Bangalore, India.",Yes,2,Freight Included in Commodity Cost,0.26
44816,133-NG-T30,FPQ-14995,SCMS-260700,ASN-29935,Nigeria,PMO - US,Direct Drop,EXW,Air,9/22/2014,10/29/2014,19-Jan-15,16-Jan-15,22-Jan-15,HRDT,HIV test,"Orgenics, Ltd","HIV 1/2, Determine Complete HIV Kit, 100 Tests","HIV 1/2, Determine Complete HIV Kit",Determine,,Test kit,100,6158,548062.0,89.0,0.89,"Alere Medical Co., Ltd.",Yes,2493,31090.27,563.41
83462,104-CI-T30,FPQ-5925,SO-37150,DN-2035,Côte d'Ivoire,PMO - US,From RDC,N/A - From RDC,Truck,6/23/2010,N/A - From RDC,30-Nov-10,26-Nov-10,26-Nov-10,ARV,Adult,SCMS from RDC,"Abacavir/Lamivudine 600/300mg, scored tablets, 30 Tabs",Abacavir/Lamivudine,Generic,600/300mg,Tablet - FDC,30,1980,44550.0,22.5,0.75,Mylan (formerly Matrix) Nashik,No,See DN-2035 (ID#:82356),See DN-2035 (ID#:82356),96.05
86058,107-RW-T30,FPQ-13647,SO-47830,DN-3578,Rwanda,PMO - US,From RDC,N/A - From RDC,Air,1/28/2014,N/A - From RDC,25-Mar-14,2-Apr-14,14-Apr-14,ARV,Adult,SCMS from RDC,"Lamivudine/Zidovudine 150/300mg, tablets, 60 Tabs",Lamivudine/Zidovudine,Generic,150/300mg,Tablet - FDC,60,18000,121140.0,6.73,0.11,"Aurobindo Unit III, India",Yes,1643,12995.06,124.53
12215,104-CI-T01,Pre-PQ Process,SO-16210,DN-1047,Côte d'Ivoire,PMO - US,From RDC,N/A - From RDC,Air,Pre-PQ Process,N/A - From RDC,19-Jan-09,19-Jan-09,19-Jan-09,ARV,Adult,SCMS from RDC,"Lamivudine/Nevirapine/Zidovudine 150/200/300mg, tablets, 60 Tabs",Lamivudine/Nevirapine/Zidovudine,Generic,150/300/200mg,Tablet - FDC,60,10000,118000.0,11.8,0.2,"Aurobindo Unit III, India",Yes,1456,5048.32,231.28
86259,114-UG-T30,FPQ-4496,SO-35010,DN-1632,Uganda,PMO - US,From RDC,N/A - From RDC,Truck,10/28/2009,N/A - From RDC,22-Mar-10,29-Jan-10,29-Jan-10,ARV,Adult,SCMS from RDC,"Nevirapine 200mg, tablets, 60 Tabs",Nevirapine,Generic,200mg,Tablet,60,1600,4640.0,2.9,0.05,"Aurobindo Unit III, India",Yes,157,1601.5,10.0
11638,110-ZM-T01,Pre-PQ Process,SO-17611,DN-1228,Zambia,PMO - US,From RDC,N/A - From RDC,Truck,Pre-PQ Process,N/A - From RDC,8-Jun-09,8-Jun-09,8-Jun-09,ARV,Adult,SCMS from RDC,"Efavirenz 600mg, tablets, 30 Tabs",Efavirenz,Generic,600mg,Tablet,30,28454,312994.0,11.0,0.37,"Aurobindo Unit III, India",Yes,3279,8288.78,613.47
85096,151-NG-T30,FPQ-4537,SO-35076,DN-1691,Nigeria,PMO - US,From RDC,N/A - From RDC,Air Charter,11/6/2009,N/A - From RDC,19-Apr-10,31-Mar-10,31-Mar-10,ARV,Adult,SCMS from RDC,"Emtricitabine/Tenofovir Disoproxil Fumarate 200/300mg, tablets, 30 Tabs",Emtricitabine/Tenofovir Disoproxil Fumarate,Generic,200/300mg,Tablet - FDC,30,350,4112.5,11.75,0.39,Mylan (formerly Matrix) Nashik,Yes,29,Freight Included in Commodity Cost,8.87
30462,116-ZA-T30,FPQ-3596,SCMS-50360,ASN-5453,South Africa,PMO - US,Direct Drop,DDP,Truck,5/7/2009,9/22/2009,28-Oct-09,28-Oct-09,28-Oct-09,ARV,Pediatric,S. BUYS WHOLESALER,"Stavudine 1mg/ml, powder for oral solution, 200 ml",Stavudine,Generic,1mg/ml,Oral solution,200,500,1368.58,2.74,0.01,"Aurobindo Unit III, India",Yes,Weight Captured Separately,Freight Included in Commodity Cost,2.68
85943,106-HT-T30,FPQ-11281,SO-44400,DN-3015,Haiti,PMO - US,From RDC,N/A - From RDC,Air,1/16/2013,N/A - From RDC,9-Apr-13,14-Mar-13,14-Mar-13,ARV,Adult,SCMS from RDC,"Abacavir 300mg, tablets, 60 Tabs",Abacavir,Generic,300mg,Tablet,60,2610,33825.6,12.96,0.22,"Aurobindo Unit III, India",No,See DN-3015 (ID#:82554),See DN-3015 (ID#:82554),41.84
22116,133-NG-T30,FPQ-10349,SCMS-155310,ASN-16603,Nigeria,PMO - US,Direct Drop,EXW,Air,7/17/2012,8/10/2012,8-Oct-12,8-Oct-12,8-Oct-12,HRDT,HIV test,"CHEMBIO DIAGNOSTIC SYSTEMS, INC.","HIV 1/2, Stat-Pak HIV, Kit, 20 Tests","HIV 1/2, Stat-Pak HIV, Kit",Stat-Pak,,Test kit,20,3401,98629.0,29.0,1.45,Chembio Diagnostics Sys. Inc.,Yes,972,6418.11,138.28
55297,108-VN-T30,FPQ-5899,SCMS-77280,ASN-8060,Vietnam,PMO - US,Direct Drop,EXW,Air,6/23/2010,6/30/2010,20-Sep-10,20-Sep-10,20-Sep-10,ARV,Adult,MYLAN LABORATORIES LTD (FORMERLY MATRIX LABORATORIES),"Abacavir 300mg, tablets, 60 Tabs",Abacavir,Generic,300mg,Tablet,60,100,1574.0,15.74,0.26,Mylan (formerly Matrix) Nashik,Yes,10,3896.68,3.39
1955,108-VN-T01,Pre-PQ Process,SCMS-27310,ASN-2809,Vietnam,PMO - US,Direct Drop,EXW,Air,Pre-PQ Process,7/24/2008,24-Nov-08,24-Nov-08,24-Nov-08,ARV,Adult,Aurobindo Pharma Limited,"Lamivudine/Nevirapine/Zidovudine 150/200/300mg, tablets, 60 Tabs",Lamivudine/Nevirapine/Zidovudine,Generic,150/300/200mg,Tablet - FDC,60,1100,12540.0,11.4,0.19,"Aurobindo Unit III, India",Yes,159,2568.6,24.58
52687,133-NG-T30,FPQ-14305,SCMS-240830,ASN-27468,Nigeria,PMO - US,Direct Drop,EXW,Air,5/16/2014,6/2/2014,19-Aug-14,27-Aug-14,4-Sep-14,HRDT,HIV test,"Orgenics, Ltd","HIV 1/2, Determine Complete HIV Kit, 100 Tests","HIV 1/2, Determine Complete HIV Kit",Determine,,Test kit,100,6340,564260.0,89.0,0.89,"Alere Medical Co., Ltd.",Yes,2571,37297.95,580.06
84657,109-TZ-T30,FPQ-6713,SO-38160,DN-2261,Tanzania,PMO - US,From RDC,N/A - From RDC,Truck,12/2/2010,N/A - From RDC,28-Apr-11,15-Jul-11,15-Jul-11,ARV,Adult,SCMS from RDC,"Efavirenz/Emtricitabine/Tenofovir Disoproxil Fumarate 600/200/300mg, tablets, 30 Tabs",Efavirenz/Emtricitabine/Tenofovir Disoproxil Fumarate,Generic,600/200/300mg,Tablet - FDC,30,54375,1083150.0,19.92,0.66,Mylan (formerly Matrix) Nashik,Yes,11129,13838.17,1787.2
84516,106-HT-T30,FPQ-4384,SO-34670,DN-1559,Haiti,PMO - US,From RDC,N/A - From RDC,Air,10/23/2009,N/A - From RDC,9-Dec-09,1-Dec-09,1-Dec-09,ARV,Adult,SCMS from RDC,"Stavudine 20mg, capsules, 60 Caps",Stavudine,Generic,20mg,Capsule,60,252,420.84,1.67,0.03,"Aurobindo Unit III, India",No,See DN-1559 (ID#:82849),See DN-1559 (ID#:82849),0.91
12354,112-NG-T01,Pre-PQ Process,SO-563,DN-209,Nigeria,PMO - US,From RDC,N/A - From RDC,,Pre-PQ Process,N/A - From RDC,3-Jul-07,3-Jul-07,3-Jul-07,ARV,Adult,SCMS from RDC,"Nevirapine 200mg, tablets, 60 Tabs",Nevirapine,Generic,200mg,Tablet,60,538,1920.66,3.57,0.06,"Aurobindo Unit III, India",No,See DN-209 (ID#:11136),See DN-209 (ID#:11136),3.07
64667,105-SS-T30,FPQ-15569,SCMS-272160,ASN-31338,South Sudan,PMO - US,Direct Drop,EXW,Air,12/29/2014,2/20/2015,3-Jun-15,3-Jun-15,5-Jun-15,HRDT,HIV test - Ancillary,"Orgenics, Ltd","Capillary Tubes, for Determine, EDTA, 50uL,100 Pcs","HIV, Capillary Tubes, for Determine, EDTA, 50uL,100 Pcs",Determine,,Test kit - Ancillary,100,100,800.0,8.0,0.08,"Alere Medical Co., Ltd.",No,See ASN-31338 (ID#:38992),See ASN-31338 (ID#:38992),0.94
7749,116-ZA-T01,Pre-PQ Process,SCMS-41584,ASN-4385,South Africa,PMO - US,Direct Drop,DDP,Air,Pre-PQ Process,3/27/2009,25-Jun-09,20-Apr-09,20-Apr-09,ARV,Adult,S. BUYS WHOLESALER,"Lopinavir/Ritonavir 200/50mg [Aluvia], tablets, 120 Tabs",Lopinavir/Ritonavir,Aluvia,200/50mg,Tablet,120,2965,106680.7,35.98,0.3,ABBVIE Ludwigshafen Germany,No,Weight Captured Separately,Freight Included in Commodity Cost,209.09
11061,110-ZM-T01,Pre-PQ Process,SO-30311,DN-1319,Zambia,PMO - US,From RDC,N/A - From RDC,Truck,Date Not Captured,N/A - From RDC,4-Sep-09,4-Sep-09,4-Sep-09,ARV,Adult,SCMS from RDC,"Efavirenz 600mg, tablets, 30 Tabs",Efavirenz,Generic,600mg,Tablet,30,37059,407649.0,11.0,0.37,Hetero Unit III Hyderabad IN,Yes,2876,4506.18,798.99
63274,108-VN-T30,FPQ-5317,SCMS-69710,ASN-7510,Vietnam,PMO - US,Direct Drop,EXW,Air,3/22/2010,3/29/2010,9-Aug-10,9-Aug-10,9-Aug-10,ARV,Adult,MYLAN LABORATORIES LTD (FORMERLY MATRIX LABORATORIES),"Abacavir 300mg, tablets, 60 Tabs",Abacavir,Generic,300mg,Tablet,60,249,3956.61,15.89,0.26,Mylan (formerly Matrix) Nashik,No,See ASN-7510 (ID#:35983),See ASN-7510 (ID#:35983),8.53
70309,102-BI-T30,FPQ-14713,SCMS-251520,ASN-29870,Burundi,PMO - US,Direct Drop,EXW,Air,7/29/2014,8/28/2014,2-Feb-15,2-Feb-15,2-Feb-15,HRDT,HIV test,"Orgenics, Ltd","HIV 1/2, Determine Complete HIV Kit, 100 Tests","HIV 1/2, Determine Complete HIV Kit",Determine,,Test kit,100,1608,128640.0,80.0,0.8,"Alere Medical Co., Ltd.",Yes,958,15012.16,132.24
4457,108-VN-T01,Pre-PQ Process,SCMS-23320,ASN-2275,Vietnam,PMO - US,Direct Drop,EXW,Air,Pre-PQ Process,5/13/2008,19-Sep-08,19-Sep-08,19-Sep-08,ARV,Adult,Aurobindo Pharma Limited,"Nevirapine 200mg, tablets, 60 Tabs",Nevirapine,Generic,200mg,Tablet,60,2180,6997.8,3.21,0.05,"Aurobindo Unit III, India",Yes,242,5881.57,11.2
3441,110-ZM-T01,Pre-PQ Process,SCMS-31390,ASN-3508,Zambia,PMO - US,Direct Drop,EXW,Air,Pre-PQ Process,10/2/2008,18-Mar-09,18-Mar-09,18-Mar-09,HRDT,HIV test,"Orgenics, Ltd","HIV 1/2, Determine HIV Kit, without Lancets, 100 Tests","HIV 1/2, Determine HIV Kit, without Lancets",Determine,,Test kit,100,5500,395945.0,71.99,0.72,Inverness Japan,Yes,1624,12646.15,776.05
85030,104-CI-T30,FPQ-14370,SO-49040,DN-4253,Côte d'Ivoire,PMO - US,From RDC,N/A - From RDC,Truck,5/23/2014,N/A - From RDC,8-Jun-15,8-Jun-15,19-Jun-15,ARV,Adult,SCMS from RDC,"Lamivudine/Zidovudine 150/300mg, tablets, 60 Tabs",Lamivudine/Zidovudine,Generic,150/300mg,Tablet - FDC,60,36971,241050.92,6.52,0.11,Mylan (formerly Matrix) Nashik,No,See DN-4253 (ID#:83334),See DN-4253 (ID#:83334),247.8
12011,151-NG-T01,Pre-PQ Process,SO-33331,DN-1434,Nigeria,PMO - US,From RDC,N/A - From RDC,Air Charter,Date Not Captured,N/A - From RDC,20-Oct-09,20-Oct-09,20-Oct-09,ARV,Adult,SCMS from RDC,"Lamivudine/Nevirapine/Zidovudine 150/200/300mg, tablets, 60 Tabs",Lamivudine/Nevirapine/Zidovudine,Generic,150/300/200mg,Tablet - FDC,60,52920,603288.0,11.4,0.19,"Aurobindo Unit III, India",Yes,5960,9341.49,1182.44
46099,161-ZA-T30,FPQ-5303,SCMS-68950,ASN-7083,South Africa,PMO - US,Direct Drop,DDP,Air,3/18/2010,3/19/2010,9-Jun-10,10-Jun-10,10-Jun-10,ARV,Adult,Aurobindo Pharma Limited,"Nevirapine 200mg, tablets, 60 Tabs",Nevirapine,Generic,200mg,Tablet,60,38341,111955.72,2.92,0.05,"Aurobindo Unit III, India",Yes,4522,6369.8,241.38
10984,111-MZ-T01,Pre-PQ Process,SO-15084,DN-1024,Mozambique,PMO - US,From RDC,N/A - From RDC,Air,Pre-PQ Process,N/A - From RDC,9-Feb-09,9-Feb-09,9-Feb-09,ARV,Adult,SCMS from RDC,"Lamivudine/Zidovudine 150/300mg, tablets, 60 Tabs",Lamivudine/Zidovudine,Generic,150/300mg,Tablet - FDC,60,15048,140698.8,9.35,0.16,"Aurobindo Unit III, India",Yes,1448,3613.31,275.77
83615,107-RW-T30,FPQ-9888,SO-42170,DN-2807,Rwanda,PMO - US,From RDC,N/A - From RDC,Air,5/11/2012,N/A - From RDC,31-Aug-12,21-Aug-12,21-Aug-12,ARV,Pediatric,SCMS from RDC,"Nevirapine 10mg/ml, oral suspension w/syringe, Bottle, 240 ml",Nevirapine,Generic,10mg/ml,Oral suspension,240,33792,65894.4,1.95,0.01,"Aurobindo Unit III, India",Yes,12605,72991.45,92.38
82593,102-BI-T30,FPQ-12065,SO-45151,DN-3260,Burundi,PMO - US,From RDC,N/A - From RDC,Air,4/22/2013,N/A - From RDC,6-Aug-13,21-May-13,18-Nov-14,ARV,Adult,SCMS from RDC,"Nevirapine 200mg, tablets, 60 Tabs",Nevirapine,Generic,200mg,Tablet,60,225,508.5,2.26,0.04,Hetero Unit III Hyderabad IN,Yes,Weight Captured Separately,Invoiced Separately,0.63
85072,104-CI-T30,FPQ-4187,SO-33490,DN-1526,Côte d'Ivoire,PMO - US,From RDC,N/A - From RDC,Air,9/9/2009,N/A - From RDC,4-Dec-09,2-Dec-09,2-Dec-09,ARV,Pediatric,SCMS from RDC,"Nevirapine 10mg/ml, oral suspension, Bottle, 240 ml",Nevirapine,Generic,10mg/ml,Oral suspension,240,4464,8570.88,1.92,0.01,"Aurobindo Unit III, India",Yes,1655,1211.48,16.8
85261,113-ZW-T30,FPQ-8464,SO-40861,DN-2655,Zimbabwe,PMO - US,From RDC,N/A - From RDC,Truck,10/4/2011,N/A - From RDC,31-May-12,25-May-12,25-May-12,ARV,Adult,SCMS from RDC,"Efavirenz 600mg, tablets, 30 Tabs",Efavirenz,Generic,600mg,Tablet,30,17422,71778.64,4.12,0.14,"Strides, Bangalore, India.",No,See DN-2655 (ID#:82474),See DN-2655 (ID#:82474),118.43
54960,116-ZA-T30,FPQ-12522,SCMS-199280,ASN-24433,South Africa,PMO - US,Direct Drop,DDP,Truck,7/11/2013,8/13/2013,7-Feb-14,7-Feb-14,7-Feb-14,ARV,Adult,S. BUYS WHOLESALER,"Lamivudine/Nevirapine/Stavudine 150/200/30mg, tablets, 60 Tabs",Lamivudine/Nevirapine/Stavudine,Generic,150/200/30mg,Tablet - FDC,60,4,120.98,30.24,0.5,"Cipla, Goa, India",No,Weight Captured Separately,Freight Included in Commodity Cost,0.15
86051,101-CD-T30,FPQ-13554,SO-47630,DN-3561,"Congo, DRC",PMO - US,From RDC,N/A - From RDC,Air,1/15/2014,N/A - From RDC,30-May-14,19-May-14,26-Jun-14,ARV,Adult,SCMS from RDC,"Lamivudine 150mg, tablets, 60 Tabs",Lamivudine,Generic,150mg,Tablet,60,960,2140.8,2.23,0.04,"Micro labs, Verna, Goa, India",No,See DN-3561 (ID#:82654),See DN-3561 (ID#:82654),2.2
86307,104-CI-T30,FPQ-5619,SO-36821,DN-1850,Côte d'Ivoire,PMO - US,From RDC,N/A - From RDC,Air,5/2/2010,N/A - From RDC,3-Jun-10,7-Jun-10,7-Jun-10,ARV,Adult,SCMS from RDC,"Tenofovir Disoproxil Fumarate 300mg, tablets, 30 Tabs",Tenofovir Disoproxil Fumarate,Generic,300mg,Tablet,30,488,3728.32,7.64,0.25,Mylan (formerly Matrix) Nashik,Yes,28,2677.09,8.04
83476,117-ET-T30,FPQ-6428,SO-38100,DN-2075,Ethiopia,PMO - US,From RDC,N/A - From RDC,Air,9/24/2010,N/A - From RDC,15-Dec-10,9-Dec-10,9-Dec-10,ARV,Adult,SCMS from RDC,"Tenofovir Disoproxil Fumarate 300mg, tablets, 30 Tabs",Tenofovir Disoproxil Fumarate,Generic,300mg,Tablet,30,1440,10512.0,7.3,0.24,Mylan (formerly Matrix) Nashik,Yes,88,1842.95,22.66
67509,109-TZ-T30,FPQ-12286,SCMS-193850,ASN-20160,Tanzania,PMO - US,Direct Drop,EXW,Air,5/16/2013,6/11/2013,24-Aug-13,24-Aug-13,24-Aug-13,ARV,Adult,Aurobindo Pharma Limited,"Lamivudine/Nevirapine/Zidovudine 150/200/300mg, tablets, 60 Tabs",Lamivudine/Nevirapine/Zidovudine,Generic,150/300/200mg,Tablet - FDC,60,32002,260816.3,8.15,0.14,"Aurobindo Unit III, India",Yes,4059,17997.84,322.63
392,104-CI-T01,Pre-PQ Process,SCMS-18310,ASN-3435,Côte d'Ivoire,PMO - US,Direct Drop,EXW,Air,Pre-PQ Process,3/3/2008,19-Mar-09,19-Mar-09,19-Mar-09,HRDT,HIV test,"Standard Diagnostics, Inc.","HIV 1/2, Bioline 3.0 Kit, Lancets, Capillary pipets, Alcohol swabs included, 25 Tests","HIV 1/2, Bioline 3.0 Kit, Lancets, Capillary pipets, Alcohol swabs included",Bioline,,Test kit,25,659,13180.0,20.0,0.8,"Standard Diagnostics, Korea",Yes,206,2656.12,25.83
79424,133-NG-T30,FPQ-16329,SCMS-289120,ASN-33413,Nigeria,PMO - US,Direct Drop,EXW,Air,5/7/2015,5/26/2015,7-Aug-15,7-Aug-15,10-Aug-15,HRDT,HIV test,"CHEMBIO DIAGNOSTIC SYSTEMS, INC.","HIV 1/2, Stat-Pak HIV, Kit, 20 Tests","HIV 1/2, Stat-Pak HIV, Kit",Stat-Pak,,Test kit,20,1564,50048.0,32.0,1.6,Chembio Diagnostics Sys. Inc.,Yes,Weight Captured Separately,Invoiced Separately,58.91
12284,104-CI-T01,Pre-PQ Process,SO-27520,DN-1234,Côte d'Ivoire,PMO - US,From RDC,N/A - From RDC,Air,Pre-PQ Process,N/A - From RDC,11-Jun-09,11-Jun-09,11-Jun-09,ARV,Adult,SCMS from RDC,"Lamivudine/Nevirapine/Zidovudine 150/200/300mg, tablets, 60 Tabs",Lamivudine/Nevirapine/Zidovudine,Generic,150/300/200mg,Tablet - FDC,60,15000,173400.0,11.56,0.19,"Aurobindo Unit III, India",No,See DN-1234 (ID#:11970),See DN-1234 (ID#:11970),339.86
83442,151-NG-T30,FPQ-5023,SO-36545,DN-1941,Nigeria,PMO - US,From RDC,N/A - From RDC,Air,2/10/2010,N/A - From RDC,15-Jul-10,28-Jun-10,28-Jun-10,ARV,Adult,SCMS from RDC,"Lamivudine/Zidovudine 150/300mg, tablets, 60 Tabs",Lamivudine/Zidovudine,Generic,150/300mg,Tablet - FDC,60,155,1357.8,8.76,0.15,Mylan (formerly Matrix) Nashik,Yes,13,Freight Included in Commodity Cost,2.93
1730,102-NG-T01,Pre-PQ Process,SCMS-21580,ASN-1797,Nigeria,PMO - US,Direct Drop,EXW,Air,Pre-PQ Process,Date Not Captured,28-May-08,28-May-08,28-May-08,HRDT,HIV test - Ancillary,"Orgenics, Ltd","HIV, Lancet, Safety, for HIV Test kits, 100 Pcs","HIV, Lancet, Safety, for HIV Test kits, 100 Pcs",Generic,,Test kit - Ancillary,100,1130,11.3,0.01,0.0,Inverness Japan,Yes,Weight Captured Separately,Invoiced Separately,0.02
85216,104-CI-T30,FPQ-8295,SO-40791,DN-2459,Côte d'Ivoire,PMO - US,From RDC,N/A - From RDC,Truck,8/25/2011,N/A - From RDC,6-Feb-12,6-Feb-12,6-Feb-12,ARV,Adult,SCMS from RDC,"Emtricitabine/Tenofovir Disoproxil Fumarate 200/300mg, tablets, 30 Tabs",Emtricitabine/Tenofovir Disoproxil Fumarate,Generic,200/300mg,Tablet - FDC,30,11520,103334.4,8.97,0.3,"Aurobindo Unit III, India",No,See DN-2459 (ID#:82424),See DN-2459 (ID#:82424),170.5
12192,112-NG-T01,Pre-PQ Process,SO-2350,DN-718,Nigeria,PMO - US,From RDC,N/A - From RDC,Air,Pre-PQ Process,N/A - From RDC,21-Apr-08,21-Apr-08,21-Apr-08,ARV,Pediatric,SCMS from RDC,"Stavudine 1mg/ml, powder for oral solution, 200 ml",Stavudine,Generic,1mg/ml,Oral solution,200,55,77.0,1.4,0.01,"Aurobindo Unit III, India",No,See DN-718 (ID#:10968),See DN-718 (ID#:10968),0.12
10842,107-RW-T01,Pre-PQ Process,SO-826,DN-261,Rwanda,PMO - US,From RDC,N/A - From RDC,Air,Pre-PQ Process,N/A - From RDC,22-Aug-07,22-Aug-07,22-Aug-07,HRDT,HIV test,SCMS from RDC,"HIV 1/2, Uni-Gold HIV Kit, 20 Tests","HIV 1/2, Uni-Gold HIV Kit",Uni-Gold,,Test kit,20,155,4960.0,32.0,1.6,"Trinity Biotech, Plc",Yes,55,1126.84,7.94
10631,112-NG-T01,Pre-PQ Process,SO-1225,DN-411,Nigeria,PMO - US,From RDC,N/A - From RDC,Air,Pre-PQ Process,N/A - From RDC,1-Nov-07,1-Nov-07,1-Nov-07,ARV,Adult,SCMS from RDC,"Stavudine 30mg, capsules, 60 Caps",Stavudine,Generic,30mg,Capsule,60,1500,2280.0,1.52,0.03,"Aurobindo Unit III, India",Yes,178,1621,3.65
12517,109-TZ-T01,Pre-PQ Process,SO-1696,DN-763,Tanzania,PMO - US,From RDC,N/A - From RDC,Air,Pre-PQ Process,N/A - From RDC,9-Jul-08,9-Jul-08,9-Jul-08,ARV,Adult,SCMS from RDC,"Efavirenz 600mg, tablets, 30 Tabs",Efavirenz,Generic,600mg,Tablet,30,101445,1259946.9,12.42,0.41,"Aurobindo Unit III, India",No,See DN-763 (ID#:10982),See DN-763 (ID#:10982),2015.92
19670,116-ZA-T30,FPQ-14942,SCMS-259079,ASN-33852,South Africa,PMO - US,Direct Drop,DDP,Truck,9/11/2014,10/9/2014,24-Aug-15,24-Aug-15,24-Aug-15,ARV,Adult,PHARMACY DIRECT,"Abacavir 300mg, tablets, 60 Tabs",Abacavir,Generic,300mg,Tablet,60,82,4392.17,53.56,0.89,"Aurobindo Unit III, India",No,Weight Captured Separately,Freight Included in Commodity Cost,4.52
44920,108-VN-T30,FPQ-4720,SCMS-62820,ASN-6687,Vietnam,PMO - US,Direct Drop,EXW,Air,1/4/2009,1/14/2010,18-May-10,18-May-10,18-May-10,ARV,Adult,Aurobindo Pharma Limited,"Stavudine 30mg, capsules, 60 Caps",Stavudine,Generic,30mg,Capsule,60,9744,14128.8,1.45,0.02,"Aurobindo Unit III, India",Yes,656,6158,30.46
12777,106-HT-T01,Pre-PQ Process,SO-2594,DN-802,Haiti,PMO - US,From RDC,N/A - From RDC,Air,Pre-PQ Process,N/A - From RDC,4-Jul-08,4-Jul-08,4-Jul-08,ARV,Adult,SCMS from RDC,"Lamivudine/Zidovudine 150/300mg, tablets, 60 Tabs",Lamivudine/Zidovudine,Generic,150/300mg,Tablet - FDC,60,14995,141702.75,9.45,0.16,"Cipla, Goa, India",Yes,1586,17289,226.72
60375,116-ZA-T30,FPQ-13035,SCMS-215370,ASN-24415,South Africa,PMO - US,Direct Drop,DDP,Truck,10/8/2013,12/2/2013,6-Feb-14,6-Feb-14,6-Feb-14,ARV,Pediatric,S. BUYS WHOLESALER,"Efavirenz 50mg, capsule, 30 Caps",Efavirenz,Generic,50mg,Capsule,30,387,1089.02,2.81,0.09,"Aurobindo Unit III, India",No,Weight Captured Separately,Freight Included in Commodity Cost,1.35
7719,116-ZA-T01,Pre-PQ Process,SCMS-40780,ASN-3607,South Africa,PMO - US,Direct Drop,DDP,Air,Pre-PQ Process,Date Not Captured,17-Mar-09,28-Nov-08,28-Nov-08,ARV,Pediatric,S. BUYS WHOLESALER,"Zidovudine 10mg/ml, oral solution, Bottle, 240 ml",Zidovudine,Generic,10mg/ml,Oral solution,240,540,2030.4,3.76,0.02,"Aurobindo Unit III, India",No,Weight Captured Separately,Freight Included in Commodity Cost,3.98
6837,107-RW-T01,Pre-PQ Process,SCMS-13900,ASN-990,Rwanda,PMO - US,Direct Drop,EXW,Air,Pre-PQ Process,11/12/2007,28-Jan-08,28-Jan-08,28-Jan-08,ARV,Adult,ASPEN PHARMACARE,"Tenofovir Disoproxil Fumarate 300mg [Viread], tablets, 30 Tabs",Tenofovir Disoproxil Fumarate,Viread,300mg,Tablet,30,84,0.84,0.01,0.0,"Aspen-OSD, Port Elizabeth, SA",No,See ASN-990 (ID#:1502),See ASN-990 (ID#:1502),0.0
85036,151-NG-T30,FPQ-14989,SO-51428,DN-4291,Nigeria,PMO - US,From RDC,N/A - From RDC,Air Charter,9/19/2014,N/A - From RDC,30-Jun-15,2-Jun-15,17-Jun-15,ARV,Adult,SCMS from RDC,"Efavirenz/Lamivudine/Tenofovir Disoproxil Fumarate 600/300/300mg, tablets, 30 Tabs",Efavirenz/Lamivudine/Tenofovir Disoproxil Fumarate,Generic,600/300/300mg,Tablet - FDC,30,121000,1161600.0,9.6,0.32,Hetero Unit III Hyderabad IN,Yes,35884,68103.71,1194.12
10685,117-ET-T01,Pre-PQ Process,SO-1949,DN-668,Ethiopia,PMO - US,From RDC,N/A - From RDC,,Pre-PQ Process,N/A - From RDC,25-Mar-08,25-Mar-08,25-Mar-08,ARV,Adult,SCMS from RDC,"Stavudine 30mg, capsules, 60 Caps",Stavudine,Generic,30mg,Capsule,60,51293,77965.36,1.52,0.03,"Aurobindo Unit III, India",Yes,3371,11862.2,124.74
11695,110-ZM-T01,Pre-PQ Process,SO-33620,DN-1496,Zambia,PMO - US,From RDC,N/A - From RDC,Truck,Date Not Captured,N/A - From RDC,29-Oct-09,29-Oct-09,29-Oct-09,ARV,Adult,SCMS from RDC,"Lamivudine/Zidovudine 150/300mg, tablets, 60 Tabs",Lamivudine/Zidovudine,Generic,150/300mg,Tablet - FDC,60,31240,273662.4,8.76,0.15,"Aurobindo Unit III, India",Yes,2832,4897.42,590.02
83962,104-CI-T30,FPQ-3964,SO-33170,DN-1524,Côte d'Ivoire,PMO - US,From RDC,N/A - From RDC,Air,7/24/2009,N/A - From RDC,1-Dec-09,2-Dec-09,2-Dec-09,ARV,Pediatric,SCMS from RDC,"Didanosine 200mg, chewable/dispersible tablets, 60 Tabs",Didanosine,Generic,200mg,Chewable/dispersible tablet,60,1833,28411.5,15.5,0.26,"Aurobindo Unit III, India",Yes,378,1211.48,55.69
82289,104-CI-T30,FPQ-4187,SO-33472,DN-1618,Côte d'Ivoire,PMO - US,From RDC,N/A - From RDC,Air,9/9/2009,N/A - From RDC,5-Feb-10,23-Jan-10,23-Jan-10,ARV,Adult,SCMS from RDC,"Lamivudine/Nevirapine/Zidovudine 150/200/300mg, tablets, 60 Tabs",Lamivudine/Nevirapine/Zidovudine,Generic,150/300/200mg,Tablet - FDC,60,30060,337273.2,11.22,0.19,"Aurobindo Unit III, India",Yes,3508,5254.1,661.06
85575,151-NG-T30,FPQ-14766,SO-51091,DN-4188,Nigeria,PMO - US,From RDC,N/A - From RDC,Air Charter,8/13/2014,N/A - From RDC,30-Apr-15,20-Mar-15,30-Mar-15,ARV,Adult,SCMS from RDC,"Lamivudine/Nevirapine/Zidovudine 150/200/300mg, tablets, 60 Tabs",Lamivudine/Nevirapine/Zidovudine,Generic,150/300/200mg,Tablet - FDC,60,91500,706380.0,7.72,0.13,"Cipla, Goa, India",No,See DN-4188 (ID#:85574),See DN-4188 (ID#:85574),726.16
11376,109-TZ-T01,Pre-PQ Process,SO-422,DN-127,Tanzania,PMO - US,From RDC,N/A - From RDC,Air,Pre-PQ Process,N/A - From RDC,6-Jun-07,6-Jun-07,6-Jun-07,ARV,Adult,SCMS from RDC,"Lamivudine/Zidovudine 150/300mg, tablets, 60 Tabs",Lamivudine/Zidovudine,Generic,150/300mg,Tablet - FDC,60,28512,304508.16,10.68,0.18,"Aurobindo Unit III, India",Yes,2630,13820.4,
84216,113-ZW-T30,FPQ-10632,SO-43220,DN-2989,Zimbabwe,PMO - US,From RDC,N/A - From RDC,Truck,9/11/2012,N/A - From RDC,11-Feb-13,11-Feb-13,11-Feb-13,ARV,Adult,SCMS from RDC,"Lamivudine/Tenofovir Disoproxil Fumarate 300/300mg, tablets, 30 Tabs",Lamivudine/Tenofovir Disoproxil Fumarate,Generic,300/300mg,Tablet - FDC,30,221799,1066853.19,4.81,0.16,Hetero Unit III Hyderabad IN,Yes,58270,47389.63,1495.73
72976,109-TZ-T30,FPQ-9211,SCMS-135870,ASN-13852,Tanzania,PMO - US,Direct Drop,EXW,Air,1/25/2012,1/27/2012,7-Mar-12,7-Mar-12,7-Mar-12,HRDT,HIV test,"Orgenics, Ltd","HIV 1/2, Determine Complete HIV Kit, 100 Tests","HIV 1/2, Determine Complete HIV Kit",Determine,,Test kit,100,2884,230720.0,80.0,0.8,"Alere Medical Co., Ltd.",Yes,1374,24000.91,323.47
82484,104-CI-T30,FPQ-8790,SO-41181,DN-2715,Côte d'Ivoire,PMO - US,From RDC,N/A - From RDC,Air,11/11/2011,N/A - From RDC,2-Jul-12,3-Jul-12,3-Jul-12,ARV,Adult,SCMS from RDC,"Lamivudine 150mg, tablets, 60 Tabs",Lamivudine,Generic,150mg,Tablet,60,9900,23067.0,2.33,0.04,"Strides, Bangalore, India.",Yes,451,2394.27,32.34
86155,114-UG-T30,FPQ-15294,SO-50091,DN-4060,Uganda,PMO - US,From RDC,N/A - From RDC,Truck,11/3/2014,N/A - From RDC,30-Jan-15,16-Jan-15,19-Jan-15,ARV,Adult,SCMS from RDC,"Efavirenz/Lamivudine/Tenofovir Disoproxil Fumarate 600/300/300mg, tablets, 30 Tabs",Efavirenz/Lamivudine/Tenofovir Disoproxil Fumarate,Generic,600/300/300mg,Tablet - FDC,30,85000,829600.0,9.76,0.33,Mylan (formerly Matrix) Nashik,Yes,Weight Captured Separately,Invoiced Separately,976.44
11402,107-RW-T01,Pre-PQ Process,SO-240,DN-150,Rwanda,PMO - US,From RDC,N/A - From RDC,Air,Pre-PQ Process,N/A - From RDC,22-May-07,22-May-07,22-May-07,HRDT,HIV test,SCMS from RDC,"HIV 1/2, Capillus HIV Kit, 100 Tests","HIV 1/2, Capillus HIV Kit",Capillus,,Test kit,100,60,8340.0,139.0,1.39,"Trinity Biotech, Plc",No,See DN-150 (ID#:11401),See DN-150 (ID#:11401),
16553,116-ZA-T30,FPQ-4359,SCMS-54980,ASN-5373,South Africa,PMO - US,Direct Drop,DDP,Truck,10/8/2009,10/15/2009,19-Oct-09,19-Oct-09,19-Oct-09,ARV,Pediatric,S. BUYS WHOLESALER,"Nevirapine 10mg/ml [Viramune], oral suspension, Bottle, 240 ml",Nevirapine,Viramune,10mg/ml,Oral suspension,240,220,3442.16,15.65,0.07,Boehringer Ingelheim Roxane US,No,Weight Captured Separately,Freight Included in Commodity Cost,6.75
84576,151-NG-T30,FPQ-5023,SO-36530,DN-1924,Nigeria,PMO - US,From RDC,N/A - From RDC,Air,2/10/2010,N/A - From RDC,15-Jul-10,28-Jun-10,28-Jun-10,ARV,Adult,SCMS from RDC,"Lamivudine/Zidovudine+Efavirenz 150/300mg+600mg, tablets, co-blister 60+30 Tabs",Lamivudine/Zidovudine+Efavirenz,Generic,150/300mg+600mg,Tablet - FDC + co-blister,90,87,1827.0,21.0,0.23,"Aurobindo Unit III, India",Yes,42,Freight Included in Commodity Cost,3.94
84641,113-ZW-T30,FPQ-6470,SO-37850,DN-2181,Zimbabwe,PMO - US,From RDC,N/A - From RDC,Truck,10/13/2010,N/A - From RDC,31-Mar-11,20-May-11,20-May-11,ARV,Adult,SCMS from RDC,"Lamivudine/Nevirapine/Stavudine 150/200/30mg, tablets, 60 Tabs",Lamivudine/Nevirapine/Stavudine,Generic,150/200/30mg,Tablet - FDC,60,22074,122731.44,5.56,0.09,"Cipla, Goa, India",No,See DN-2181 (ID#:84640),See DN-2181 (ID#:84640),264.61
6432,116-ZA-T01,Pre-PQ Process,SCMS-47400,ASN-4284,South Africa,PMO - US,Direct Drop,DDP,Truck,Pre-PQ Process,4/2/2009,21-Apr-09,21-Apr-09,21-Apr-09,ARV,Adult,S. BUYS WHOLESALER,"Tenofovir Disoproxil Fumarate 300mg [Viread], tablets, 30 Tabs",Tenofovir Disoproxil Fumarate,Viread,300mg,Tablet,30,650,13819.0,21.26,0.71,"Aspen-OSD, Port Elizabeth, SA",Yes,Weight Captured Separately,Freight Included in Commodity Cost,27.09
83388,106-HT-T30,FPQ-4384,SO-34720,DN-1590,Haiti,PMO - US,From RDC,N/A - From RDC,Air Charter,10/23/2009,N/A - From RDC,25-Dec-09,17-Dec-09,17-Dec-09,ARV,Pediatric,SCMS from RDC,"Efavirenz 30mg/ml [Stocrin/Sustiva], oral solution, Bottle, 180 ml",Efavirenz,Stocrin/Sustiva,30mg/ml,Oral solution,180,230,3900.8,16.96,0.09,"MSD, Haarlem, NL",Yes,132,8329.13,8.41
83702,151-NG-T30,FPQ-11864,SO-44922,DN-3242,Nigeria,PMO - US,From RDC,N/A - From RDC,Air Charter,3/14/2013,N/A - From RDC,4-Sep-13,23-Jul-13,23-Jul-13,ARV,Adult,SCMS from RDC,"Lamivudine/Zidovudine 150/300mg, tablets, 60 Tabs",Lamivudine/Zidovudine,Generic,150/300mg,Tablet - FDC,60,4026,29269.02,7.27,0.12,"Aurobindo Unit III, India",Yes,410,Freight Included in Commodity Cost,36.21
82433,101-CD-T30,FPQ-8840,SO-41132,DN-2494,"Congo, DRC",PMO - US,From RDC,N/A - From RDC,Air,11/21/2011,N/A - From RDC,16-Mar-12,14-Feb-12,14-Feb-12,ARV,Adult,SCMS from RDC,"Nevirapine 200mg, tablets, 60 Tabs",Nevirapine,Generic,200mg,Tablet,60,16,41.28,2.58,0.04,"Strides, Bangalore, India.",Yes,42,456.18,0.06
1356,108-VN-T01,Pre-PQ Process,SCMS-749,ASN-744,Vietnam,PMO - US,Direct Drop,EXW,Air,Pre-PQ Process,7/3/2007,2-Oct-07,2-Oct-07,2-Oct-07,ARV,Pediatric,Aurobindo Pharma Limited,"Nevirapine 10mg/ml, oral suspension, Bottle, 240 ml",Nevirapine,Generic,10mg/ml,Oral suspension,240,1000,1920.0,1.92,0.01,"Aurobindo Unit III, India",Yes,960,13762.41,3.07
35031,116-ZA-T30,FPQ-14942,SCMS-259072,ASN-30377,South Africa,PMO - US,Direct Drop,DDP,Truck,9/11/2014,1/26/2015,26-Jan-15,26-Jan-15,26-Jan-15,ARV,Pediatric,PHARMACY DIRECT,"Abacavir 20mg/ml, oral solution, Bottle, 240 ml",Abacavir,Generic,20mg/ml,Oral solution,240,27,478.2,17.71,0.07,"Aurobindo Unit III, India",No,Weight Captured Separately,Freight Included in Commodity Cost,0.49
82704,113-ZW-T30,FPQ-13508,SO-47540,DN-3825,Zimbabwe,PMO - US,From RDC,N/A - From RDC,Truck,12/24/2013,N/A - From RDC,30-Sep-14,29-Jun-14,4-Aug-14,ARV,Adult,SCMS from RDC,"Lamivudine/Tenofovir Disoproxil Fumarate 300/300mg, tablets, 30 Tabs",Lamivudine/Tenofovir Disoproxil Fumarate,Generic,300/300mg,Tablet - FDC,30,43715,202400.45,4.63,0.15,"Cipla, Kurkumbh, India",No,See DN-3825 (ID#:82702),See DN-3825 (ID#:82702),208.07
62830,A01-CM-T50,FPQ-15905,SCMS-285090,ASN-32540,Cameroon,PMO - US,Direct Drop,EXW,Air,2/19/2015,4/17/2015,16-Jun-15,16-Jun-15,18-Jun-15,ARV,Adult,HETERO LABS LIMITED,"Lamivudine 300mg, tablets, 30 Tabs",Lamivudine,Generic,300mg,Tablet,30,1080,2160.0,2.0,0.07,Hetero Unit III Hyderabad IN,Yes,Weight Captured Separately,Invoiced Separately,2.54
85459,104-CI-T30,FPQ-13142,SO-47131,DN-3632,Côte d'Ivoire,PMO - US,From RDC,N/A - From RDC,Truck,10/22/2013,N/A - From RDC,30-Apr-14,25-Apr-14,11-Jun-14,ARV,Adult,SCMS from RDC,"Abacavir 300mg, tablets, 60 Tabs",Abacavir,Generic,300mg,Tablet,60,10620,119262.6,11.23,0.19,"Aurobindo Unit III, India",No,See DN-3632 (ID#:82665),See DN-3632 (ID#:82665),122.6
12542,114-UG-T01,Pre-PQ Process,SO-17752,DN-1093,Uganda,PMO - US,From RDC,N/A - From RDC,Air,Pre-PQ Process,N/A - From RDC,3-Mar-09,3-Mar-09,3-Mar-09,ARV,Adult,SCMS from RDC,"Lamivudine/Nevirapine/Zidovudine 150/200/300mg, tablets, 60 Tabs",Lamivudine/Nevirapine/Zidovudine,Generic,150/300/200mg,Tablet - FDC,60,88,1038.4,11.8,0.2,"Aurobindo Unit III, India",Yes,10,1002.2,2.04
84477,107-RW-T30,FPQ-15622,SO-50700,DN-4299,Rwanda,PMO - US,From RDC,N/A - From RDC,Truck,12/22/2014,N/A - From RDC,30-Jun-15,17-Jun-15,29-Jun-15,ARV,Adult,SCMS from RDC,"Lamivudine/Zidovudine 150/300mg, tablets, 60 Tabs",Lamivudine/Zidovudine,Generic,150/300mg,Tablet - FDC,60,34858,227274.16,6.52,0.11,Hetero Unit III Hyderabad IN,Yes,3094,Freight Included in Commodity Cost,267.5
30904,108-VN-T30,FPQ-15040,SCMS-263650,ASN-30555,Vietnam,PMO - US,Direct Drop,EXW,Air,10/30/2014,12/8/2014,23-Mar-15,26-Mar-15,26-Mar-15,ARV,Adult,MYLAN LABORATORIES LTD (FORMERLY MATRIX LABORATORIES),"Efavirenz/Lamivudine/Tenofovir Disoproxil Fumarate 600/300/300mg, tablets, 30 Tabs",Efavirenz/Lamivudine/Tenofovir Disoproxil Fumarate,Generic,600/300/300mg,Tablet - FDC,30,22232,225654.8,10.15,0.34,Mylan (formerly Matrix) Nashik,Yes,2510,4363.06,231.97
83913,101-CD-T30,FPQ-16158,SO-51270,DN-4285,"Congo, DRC",PMO - US,From RDC,N/A - From RDC,Air,3/31/2015,N/A - From RDC,8-Jul-15,30-Jul-15,30-Jul-15,ARV,Adult,SCMS from RDC,"Abacavir/Lamivudine 600/300mg, tablets, 30 Tabs",Abacavir/Lamivudine,Generic,600/300mg,Tablet - FDC,30,820,10783.0,13.15,0.44,Mylan (formerly Matrix) Nashik,No,See DN-4285 (ID#:82806),See DN-4285 (ID#:82806),12.69
12456,110-ZM-T01,Pre-PQ Process,SO-1315,DN-508,Zambia,PMO - US,From RDC,N/A - From RDC,,Pre-PQ Process,N/A - From RDC,28-Dec-07,28-Dec-07,28-Dec-07,ARV,Adult,SCMS from RDC,"Nevirapine 200mg, tablets, 60 Tabs",Nevirapine,Generic,200mg,Tablet,60,58680,199512.0,3.4,0.06,"Aurobindo Unit III, India",Yes,5557,15245.25,319.22
10677,119-NA-T01,Pre-PQ Process,SO-1765,DN-759,Namibia,PMO - US,From RDC,N/A - From RDC,Air,Pre-PQ Process,N/A - From RDC,19-Jun-08,19-Jun-08,19-Jun-08,ARV,Adult,SCMS from RDC,"Efavirenz 600mg, tablets, 30 Tabs",Efavirenz,Generic,600mg,Tablet,30,24320,292083.2,12.01,0.4,"Aurobindo Unit III, India",Yes,2094,4528.5,467.33
12539,111-MZ-T01,Pre-PQ Process,SO-2424,DN-850,Mozambique,PMO - US,From RDC,N/A - From RDC,Air,Pre-PQ Process,N/A - From RDC,5-Sep-08,5-Sep-08,5-Sep-08,ARV,Adult,SCMS from RDC,"Lamivudine 150mg, tablets, 60 Tabs",Lamivudine,Generic,150mg,Tablet,60,120,349.2,2.91,0.05,Hetero Unit III Hyderabad IN,No,See DN-850 (ID#:10733),See DN-850 (ID#:10733),0.56
28673,161-ZA-T30,FPQ-7175,SCMS-123590,ASN-13166,South Africa,PMO - US,Direct Drop,DDP,Ocean,3/10/2011,9/30/2011,16-Jan-12,23-Jan-12,23-Jan-12,ARV,Adult,Aurobindo Pharma Limited,"Efavirenz 600mg, tablets, 30 Tabs",Efavirenz,Generic,600mg,Tablet,30,119251,508009.26,4.26,0.14,"Aurobindo Unit III, India",Yes,9461,7292.27,838.22
11213,107-RW-T01,Pre-PQ Process,SO-1448,DN-500,Rwanda,PMO - US,From RDC,N/A - From RDC,Air,Pre-PQ Process,N/A - From RDC,5-Dec-07,5-Dec-07,5-Dec-07,HRDT,HIV test,SCMS from RDC,"HIV 1/2, Determine HIV Kit, without Lancets, 100 Tests","HIV 1/2, Determine HIV Kit, without Lancets",Determine,,Test kit,100,405,29155.95,71.99,0.72,Inverness Japan,Yes,130,3187.18,46.65
74337,116-ZA-T30,FPQ-13035,SCMS-215370,ASN-24415,South Africa,PMO - US,Direct Drop,DDP,Truck,10/8/2013,12/2/2013,6-Feb-14,6-Feb-14,6-Feb-14,ARV,Adult,S. BUYS WHOLESALER,"Efavirenz 600mg, tablets, 30 Tabs",Efavirenz,Generic,600mg,Tablet,30,2348,34277.51,14.6,0.49,"Aurobindo Unit III, India",No,Weight Captured Separately,Freight Included in Commodity Cost,42.4
83540,114-UG-T30,FPQ-7166,SO-38870,DN-2389,Uganda,PMO - US,From RDC,N/A - From RDC,Air,2/11/2011,N/A - From RDC,15-Nov-11,1-Nov-11,1-Nov-11,ARV,Pediatric,SCMS from RDC,"Nevirapine 10mg/ml, oral suspension w/syringe, Bottle, 240 ml",Nevirapine,Generic,10mg/ml,Oral suspension,240,9794,19098.3,1.95,0.01,"Aurobindo Unit III, India",Yes,3654,19520.77,31.51
38237,113-ZW-T30,FPQ-7521,SCMS-108010,ASN-15475,Zimbabwe,PMO - US,Direct Drop,EXW,Air,4/7/2011,5/5/2011,23-Jul-12,23-Jul-12,23-Jul-12,HRDT,HIV test,"Orgenics, Ltd","HIV 1/2, Determine Complete HIV Kit, 100 Tests","HIV 1/2, Determine Complete HIV Kit",Determine,,Test kit,100,4309,344720.0,80.0,0.8,Inverness Japan,Yes,2124,40520.83,568.79
43635,108-VN-T30,FPQ-12539,SCMS-199820,ASN-23647,Vietnam,PMO - US,Direct Drop,EXW,Air,7/11/2013,8/2/2013,13-Jun-14,13-Jun-14,31-Jul-14,ARV,Adult,MYLAN LABORATORIES LTD (FORMERLY MATRIX LABORATORIES),"Efavirenz/Lamivudine/Tenofovir Disoproxil Fumarate 600/300/300mg, tablets, 30 Tabs",Efavirenz/Lamivudine/Tenofovir Disoproxil Fumarate,Generic,600/300/300mg,Tablet - FDC,30,13907,155063.05,11.15,0.37,Mylan (formerly Matrix) Nashik,Yes,1578,2689.85,191.81
48945,114-UG-T30,FPQ-12477,SCMS-198720,ASN-21627,Uganda,PMO - US,Direct Drop,EXW,Ocean,7/8/2013,7/31/2013,6-Nov-13,6-Nov-13,13-Nov-13,ARV,Adult,MYLAN LABORATORIES LTD (FORMERLY MATRIX LABORATORIES),"Lamivudine/Zidovudine 150/300mg, tablets, 60 Tabs",Lamivudine/Zidovudine,Generic,150/300mg,Tablet - FDC,60,165179,1072011.71,6.49,0.11,Mylan (formerly Matrix) Nashik,Yes,37127,33981.11,1326.08
83049,151-NG-T30,FPQ-9432,SO-42335,DN-2709,Nigeria,PMO - US,From RDC,N/A - From RDC,Air Charter,3/1/2012,N/A - From RDC,2-Aug-12,3-Jun-12,3-Jun-12,ARV,Adult,SCMS from RDC,"Lamivudine/Nevirapine/Zidovudine 150/200/300mg, tablets, 60 Tabs",Lamivudine/Nevirapine/Zidovudine,Generic,150/300/200mg,Tablet - FDC,60,116254,1196253.66,10.29,0.17,Mylan (formerly Matrix) Nashik,Yes,14964,17090,1677.15
83977,110-ZM-T30,FPQ-4273,SO-33690,DN-1643,Zambia,PMO - US,From RDC,N/A - From RDC,Truck,9/17/2009,N/A - From RDC,15-Mar-10,5-Mar-10,5-Mar-10,ARV,Adult,SCMS from RDC,"Lamivudine/Nevirapine/Stavudine 150/200/30mg, tablets, 60 Tabs",Lamivudine/Nevirapine/Stavudine,Generic,150/200/30mg,Tablet - FDC,60,20602,133294.94,6.47,0.11,"Cipla, Goa, India",No,See DN-1643 (ID#:82293),See DN-1643 (ID#:82293),261.26
5635,102-LS-T01,Pre-PQ Process,SCMS-18370,ASN-1660,Lesotho,PMO - US,Direct Drop,EXW,Air,Pre-PQ Process,2/27/2008,14-Jul-08,14-Jul-08,14-Jul-08,HRDT,HIV test,Orasure Technologies Inc.,"HIV 1/2, OraQuick Advance HIV Rapid Antibody Kit, 100 Tests","HIV 1/2, OraQuick Advance HIV Rapid Antibody Kit",OraQuick,,Test kit,100,7,2450.0,350.0,3.5,"Pacific Biotech, Thailand",Yes,17,587.63,3.92
26192,108-VN-T30,FPQ-15040,SCMS-263630,ASN-31648,Vietnam,PMO - US,Direct Drop,EXW,Air,10/30/2014,12/8/2014,1-Jun-15,1-Jun-15,1-Jun-15,ARV,Adult,MYLAN LABORATORIES LTD (FORMERLY MATRIX LABORATORIES),"Efavirenz/Lamivudine/Tenofovir Disoproxil Fumarate 600/300/300mg, tablets, 30 Tabs",Efavirenz/Lamivudine/Tenofovir Disoproxil Fumarate,Generic,600/300/300mg,Tablet - FDC,30,18616,188952.4,10.15,0.34,Mylan (formerly Matrix) Nashik,Yes,2101,4384.01,194.24
48319,116-ZA-T30,FPQ-13214,SCMS-215410,ASN-23875,South Africa,PMO - US,Direct Drop,DDP,Truck,11/14/2013,12/2/2013,13-Jan-14,13-Jan-14,13-Jan-14,ARV,Adult,S. BUYS WHOLESALER,"Nevirapine 200mg, tablets, 60 Tabs",Nevirapine,Generic,200mg,Tablet,60,275,4974.52,18.09,0.3,"Cipla, Goa, India",No,Weight Captured Separately,Freight Included in Commodity Cost,5.11
12784,111-MZ-T01,Pre-PQ Process,SO-2670,DN-768,Mozambique,PMO - US,From RDC,N/A - From RDC,Truck,Pre-PQ Process,N/A - From RDC,18-Jul-08,18-Jul-08,18-Jul-08,ARV,Adult,SCMS from RDC,"Ritonavir 100mg [Norvir], capsules, cool, 84 Caps",Ritonavir,Norvir,100mg,Capsule,84,1358,13023.22,9.59,0.11,ABBVIE (Abbott) Logis. UK,Yes,387,2107.14,20.84
52963,901-CM-T30,FPQ-12837,SCMS-204300,ASN-21707,Cameroon,PMO - US,Direct Drop,EXW,Air,8/19/2013,8/23/2013,7-Nov-13,7-Nov-13,8-Nov-13,ARV,Adult,Aurobindo Pharma Limited,"Lamivudine/Tenofovir Disoproxil Fumarate 300/300mg, tablets, 30 Tabs",Lamivudine/Tenofovir Disoproxil Fumarate,Generic,300/300mg,Tablet - FDC,30,32426,150780.9,4.65,0.16,"Aurobindo Unit VII, IN",Yes,3234,26980.59,186.52
11301,102-KE-T01,Pre-PQ Process,SO-18000,DN-1103,Kenya,PMO - US,From RDC,N/A - From RDC,Truck,Pre-PQ Process,N/A - From RDC,11-Feb-09,11-Feb-09,11-Feb-09,HRDT,HIV test,SCMS from RDC,"HIV 1/2, Uni-Gold HIV Kit, 20 Tests","HIV 1/2, Uni-Gold HIV Kit",Uni-Gold,,Test kit,20,750,24000.0,32.0,1.6,"Trinity Biotech, Plc",Yes,241,188,47.04
11177,110-ZM-T01,Pre-PQ Process,SO-753,DN-395,Zambia,PMO - US,From RDC,N/A - From RDC,,Pre-PQ Process,N/A - From RDC,2-Nov-07,2-Nov-07,2-Nov-07,ARV,Pediatric,SCMS from RDC,"Efavirenz 200mg, capsule, 90 Caps",Efavirenz,Generic,200mg,Capsule,90,2324,37184.0,16.0,0.18,"Aurobindo Unit III, India",No,See DN-395 (ID#:10887),See DN-395 (ID#:10887),59.49
10992,110-ZM-T01,Pre-PQ Process,SO-12090,DN-863,Zambia,PMO - US,From RDC,N/A - From RDC,Air,Pre-PQ Process,N/A - From RDC,27-Aug-08,27-Aug-08,27-Aug-08,ARV,Adult,SCMS from RDC,"Lamivudine/Stavudine 150/30mg, tablets, 60 Tabs",Lamivudine/Stavudine,Generic,150/30mg,Tablet - FDC,60,32017,124866.3,3.9,0.06,Mylan (formerly Matrix) Nashik,Yes,2353,3210.18,199.79
83793,110-ZM-T30,FPQ-13221,SO-47203,DN-3701,Zambia,PMO - US,From RDC,N/A - From RDC,Truck,10/31/2013,N/A - From RDC,30-May-14,6-Jun-14,19-Jun-14,ARV,Adult,SCMS from RDC,"Lamivudine/Tenofovir Disoproxil Fumarate 300/300mg, tablets, 30 Tabs",Lamivudine/Tenofovir Disoproxil Fumarate,Generic,300/300mg,Tablet - FDC,30,166295,771608.8,4.64,0.15,Hetero Unit III Hyderabad IN,Yes,17177,29971.59,793.21
71016,105-GH-T30,FPQ-13872,SCMS-235791,ASN-26604,Ghana,PMO - US,Direct Drop,EXW,Air,3/24/2014,5/7/2014,17-Jul-14,17-Jul-14,17-Jul-14,ARV,Pediatric,Aurobindo Pharma Limited,"Efavirenz 50mg, capsule, 30 Caps",Efavirenz,Generic,50mg,Capsule,30,38584,60191.04,1.56,0.05,"Aurobindo Unit III, India",Yes,2773,21807.62,61.88
84112,110-ZM-T30,FPQ-7085,SO-38733,DN-2357,Zambia,PMO - US,From RDC,N/A - From RDC,Truck,2/3/2011,N/A - From RDC,31-Oct-11,26-Sep-11,26-Sep-11,ARV,Adult,SCMS from RDC,"Efavirenz 600mg, tablets, 30 Tabs",Efavirenz,Generic,600mg,Tablet,30,135158,583882.56,4.32,0.14,"Aurobindo Unit III, India",Yes,17285,21454.88,963.41
12533,110-ZM-T01,Pre-PQ Process,SO-16670,DN-993,Zambia,PMO - US,From RDC,N/A - From RDC,Truck,Pre-PQ Process,N/A - From RDC,1-Dec-08,1-Dec-08,1-Dec-08,ARV,Adult,SCMS from RDC,"Nevirapine 200mg, tablets, 60 Tabs",Nevirapine,Generic,200mg,Tablet,60,138,469.2,3.4,0.06,Hetero Unit III Hyderabad IN,No,See DN-993 (ID#:11919),See DN-993 (ID#:11919),0.92
49429,114-UG-T30,FPQ-12154,SCMS-188330,ASN-20240,Uganda,PMO - US,Direct Drop,EXW,Air,4/23/2013,5/9/2013,11-Jul-13,11-Jul-13,11-Jul-13,HRDT,HIV test,"Orgenics, Ltd","HIV 1/2, Determine Complete HIV Kit, 100 Tests","HIV 1/2, Determine Complete HIV Kit",Determine,,Test kit,100,3047,243760.0,80.0,0.8,"Alere Medical Co., Ltd.",Yes,1323,16337.04,301.53
12464,106-HT-T01,Pre-PQ Process,SO-1288,DN-445,Haiti,PMO - US,From RDC,N/A - From RDC,Air,Pre-PQ Process,N/A - From RDC,22-Jan-08,22-Jan-08,22-Jan-08,ARV,Adult,SCMS from RDC,"Stavudine 20mg, capsules, 60 Caps",Stavudine,Generic,20mg,Capsule,60,100,175.0,1.75,0.03,"Aurobindo Unit III, India",No,See DN-445 (ID#:10640),See DN-445 (ID#:10640),0.28
83685,151-NG-T30,FPQ-11022,SO-43849,DN-3171,Nigeria,PMO - US,From RDC,N/A - From RDC,Air Charter,11/15/2012,N/A - From RDC,21-May-13,10-May-13,10-May-13,ARV,Adult,SCMS from RDC,"Lamivudine/Zidovudine 150/300mg, tablets, 60 Tabs",Lamivudine/Zidovudine,Generic,150/300mg,Tablet - FDC,60,35000,245000.0,7.0,0.12,"Aurobindo Unit III, India",Yes,12877,20666.07,303.06
85791,105-GY-T30,FPQ-8024,SO-40450,DN-2361,Guyana,PMO - US,From RDC,N/A - From RDC,Air,8/19/2011,N/A - From RDC,15-Dec-11,28-Sep-11,28-Sep-11,ARV,Pediatric,SCMS from RDC,"Efavirenz 200mg, capsule, 90 Caps",Efavirenz,Generic,200mg,Capsule,90,106,940.22,8.87,0.1,"Aurobindo Unit III, India",No,See DN-2361 (ID#:84673),See DN-2361 (ID#:84673),1.55
85852,104-CI-T30,FPQ-8363,SO-40830,DN-2612,Côte d'Ivoire,PMO - US,From RDC,N/A - From RDC,Truck,8/29/2011,N/A - From RDC,27-Apr-12,19-Apr-12,19-Apr-12,ARV,Adult,SCMS from RDC,"Lamivudine/Zidovudine 150/300mg, tablets, 60 Tabs",Lamivudine/Zidovudine,Generic,150/300mg,Tablet - FDC,60,5,41.3,8.26,0.14,Mylan (formerly Matrix) Nashik,No,See DN-2612 (ID#:84157),See DN-2612 (ID#:84157),0.07
86369,104-CI-T30,FPQ-6495,SO-37720,DN-2122,Côte d'Ivoire,PMO - US,From RDC,N/A - From RDC,Air,10/4/2010,N/A - From RDC,31-Mar-11,15-Mar-11,15-Mar-11,ARV,Adult,SCMS from RDC,"Nevirapine 200mg, tablets, 60 Tabs",Nevirapine,Generic,200mg,Tablet,60,50000,125500.0,2.51,0.04,"Aurobindo Unit III, India",No,See DN-2122 (ID#:84622),See DN-2122 (ID#:84622),270.58
11971,100-SZ-T01,Pre-PQ Process,SO-30790,DN-1238,Swaziland,PMO - US,From RDC,N/A - From RDC,Air,Pre-PQ Process,N/A - From RDC,21-May-09,21-May-09,21-May-09,ARV,Pediatric,SCMS from RDC,"Efavirenz 200mg, capsule, 90 Caps",Efavirenz,Generic,200mg,Capsule,90,1417,18038.41,12.73,0.14,"Aurobindo Unit III, India",No,See DN-1238 (ID#:11046),See DN-1238 (ID#:11046),35.36
86148,103-ZW-T30,FPQ-13967,SO-48442,DN-4020,Zimbabwe,PMO - US,From RDC,N/A - From RDC,Air,4/2/2014,N/A - From RDC,30-Jan-15,5-Jan-15,9-Jan-15,ARV,Pediatric,SCMS from RDC,"Lamivudine/Nevirapine/Zidovudine 30/50/60mg, dispersible tablets, 60 Tabs",Lamivudine/Nevirapine/Zidovudine,Generic,30/50/60mg,Chewable/dispersible tablet - FDC,60,20000,75000.0,3.75,0.06,"Strides, Bangalore, India.",Yes,1920,5055.8,77.1
85240,151-NG-T30,FPQ-8952,SO-41262,DN-2563,Nigeria,PMO - US,From RDC,N/A - From RDC,Air Charter,12/8/2011,N/A - From RDC,20-Jun-12,16-Feb-12,16-Feb-12,ARV,Adult,SCMS from RDC,"Tenofovir Disoproxil Fumarate 300mg, tablets, 30 Tabs",Tenofovir Disoproxil Fumarate,Generic,300mg,Tablet,30,3000,16500.0,5.5,0.18,Mylan (formerly Matrix) Nashik,Yes,188,25231.96,23.13
11071,104-CI-T01,Pre-PQ Process,SO-33231,DN-1460,Côte d'Ivoire,PMO - US,From RDC,N/A - From RDC,Air,Date Not Captured,N/A - From RDC,7-Oct-09,7-Oct-09,7-Oct-09,ARV,Adult,SCMS from RDC,"Emtricitabine/Tenofovir Disoproxil Fumarate 200/300mg, tablets, 30 Tabs",Emtricitabine/Tenofovir Disoproxil Fumarate,Generic,200/300mg,Tablet - FDC,30,576,6768.0,11.75,0.39,Mylan (formerly Matrix) Nashik,Yes,47,1234.91,13.27
31648,107-RW-T30,FPQ-3859,SCMS-49100,ASN-6890,Rwanda,PMO - US,Direct Drop,CIP,Air,6/30/2009,7/15/2009,29-May-10,29-May-10,29-May-10,ARV,Adult,EMCURE PHARMACEUTICALS LTD,"Efavirenz 600mg, tablets, 30 Tabs",Efavirenz,Generic,600mg,Tablet,30,59609,357057.91,5.99,0.2,"Emcure Plot No.P-2, I.T-B.T. Park, Phase II, MIDC, Hinjwadi, Pune, India",Yes,4227,33008.05,699.83
24868,108-VN-T30,FPQ-10811,SCMS-164530,ASN-18729,Vietnam,PMO - US,Direct Drop,FCA,Air,10/15/2012,11/7/2012,9-Apr-13,9-Apr-13,9-Apr-13,ARV,Adult,ABBVIE LOGISTICS (FORMERLY ABBOTT LOGISTICS BV),"Lopinavir/Ritonavir 200/50mg [Aluvia], tablets, 120 Tabs",Lopinavir/Ritonavir,Aluvia,200/50mg,Tablet,120,4164,253254.48,60.82,0.51,ABBVIE Ludwigshafen Germany,Yes,992,3212.25,313.28
84784,151-NG-T30,FPQ-10477,SO-43044,DN-2996,Nigeria,PMO - US,From RDC,N/A - From RDC,Air Charter,8/9/2012,N/A - From RDC,11-Feb-13,11-Feb-13,11-Feb-13,ARV,Adult,SCMS from RDC,"Nevirapine 200mg, tablets, 60 Tabs",Nevirapine,Generic,200mg,Tablet,60,49295,113871.45,2.31,0.04,"Aurobindo Unit III, India",Yes,12032,29780.5,159.65
61306,110-ZM-T30,FPQ-7439,SCMS-106730,ASN-11219,Zambia,PMO - US,Direct Drop,EXW,Air,4/1/2011,4/20/2011,19-Jul-11,19-Jul-11,19-Jul-11,HRDT,HIV test,"Trinity Biotech, Plc","HIV 1/2, Uni-Gold HIV Kit, 20 Tests","HIV 1/2, Uni-Gold HIV Kit",Uni-Gold,,Test kit,20,3500,112000.0,32.0,1.6,"Trinity Biotech, Plc",Yes,1224,15670.6,184.8
82712,105-GY-T30,FPQ-14042,SO-48520,DN-3844,Guyana,PMO - US,From RDC,N/A - From RDC,Air,4/9/2014,N/A - From RDC,30-Sep-14,30-Jul-14,5-Sep-14,ARV,Adult,SCMS from RDC,"Zidovudine 300mg, tablets, 60 Tabs",Zidovudine,Generic,300mg,Tablet,60,791,4303.04,5.44,0.09,"Aurobindo Unit III, India",No,See DN-3844 (ID#:82710),See DN-3844 (ID#:82710),4.42
37481,107-RW-T30,FPQ-5792,SCMS-75790,ASN-7839,Rwanda,PMO - US,Direct Drop,EXW,Air,6/7/2010,7/22/2010,9-Sep-10,9-Sep-10,9-Sep-10,HRDT,HIV test,"Orgenics, Ltd","HIV 1/2, Determine HIV Kit, without Lancets, 100 Tests","HIV 1/2, Determine HIV Kit, without Lancets",Determine,,Test kit,100,5000,388500.0,77.7,0.78,Inverness Japan,Yes,1136,49573.62,837.61
64329,104-CI-T30,FPQ-12150,SCMS-191920,ASN-21574,Côte d'Ivoire,PMO - US,Direct Drop,FCA,Air,4/29/2013,6/12/2013,24-Sep-13,24-Sep-13,24-Sep-13,ARV,Pediatric,ABBVIE LOGISTICS (FORMERLY ABBOTT LOGISTICS BV),"Lopinavir/Ritonavir 80/20mg/ml [Kaletra], oral solution, cool, Bottle 5 x 60 ml",Lopinavir/Ritonavir,Kaletra,80/20mg/ml,Oral solution,300,340,10478.8,30.82,0.1,ABBVIE (Abbott) Logis. UK,Yes,336,5755.58,12.96
82408,901-SZ-T30,FPQ-8360,SO-40590,DN-2360,Swaziland,PMO - US,From RDC,N/A - From RDC,Air,9/2/2011,N/A - From RDC,30-Sep-11,15-Sep-11,15-Sep-11,ARV,Adult,SCMS from RDC,"Lamivudine/Nevirapine/Zidovudine 150/200/300mg, tablets, 60 Tabs",Lamivudine/Nevirapine/Zidovudine,Generic,150/300/200mg,Tablet - FDC,60,10900,122298.0,11.22,0.19,"Aurobindo Unit III, India",No,See DN-2360 (ID#:82407),See DN-2360 (ID#:82407),201.79
83260,104-CI-T30,FPQ-13628,SO-47880,DN-3803,Côte d'Ivoire,PMO - US,From RDC,N/A - From RDC,Truck,1/29/2014,N/A - From RDC,28-Nov-14,9-Jul-14,7-Aug-14,ARV,Adult,SCMS from RDC,"Efavirenz/Lamivudine/Tenofovir Disoproxil Fumarate 600/300/300mg, tablets, 30 Tabs",Efavirenz/Lamivudine/Tenofovir Disoproxil Fumarate,Generic,600/300/300mg,Tablet - FDC,30,47116,507910.48,10.78,0.36,Hetero Unit III Hyderabad IN,Yes,7295,28669.4,522.13
80070,108-VN-T30,FPQ-6818,SCMS-98053,ASN-11409,Vietnam,PMO - US,Direct Drop,EXW,Air,1/17/2011,2/15/2011,27-Jul-11,27-Jul-11,27-Jul-11,ARV,Adult,MYLAN LABORATORIES LTD (FORMERLY MATRIX LABORATORIES),"Lamivudine/Nevirapine/Zidovudine 150/200/300mg, tablets, 60 Tabs",Lamivudine/Nevirapine/Zidovudine,Generic,150/300/200mg,Tablet - FDC,60,11594,127534.0,11.0,0.18,Mylan (formerly Matrix) Nashik,Yes,1615,9502.5,210.43
10464,119-NA-T01,Pre-PQ Process,SCMS-46050,ASN-4658,Namibia,PMO - US,Direct Drop,EXW,Air,Pre-PQ Process,5/18/2009,8-Sep-09,8-Sep-09,8-Sep-09,HRDT,HIV test,"Orgenics, Ltd","HIV 1/2, Clearview Complete Kit, 25 Tests","HIV 1/2, Clearview Complete Kit",Clearview,,Test kit,25,950,71250.0,75.0,3.0,Chembio Diagnostics Sys. Inc.,Yes,760,5213.02,139.65
59973,119-NA-T30,FPQ-4856,SCMS-62721,ASN-6953,Namibia,PMO - US,Direct Drop,EXW,Air,1/7/2010,1/8/2010,15-Jun-10,15-Jun-10,15-Jun-10,HRDT,HIV test,"Orgenics, Ltd","HIV 1/2, Determine HIV Kit, without Lancets, 100 Tests","HIV 1/2, Determine HIV Kit, without Lancets",Determine,,Test kit,100,170,11900.0,70.0,0.7,Inverness Japan,Yes,40,2883.51,25.66
11967,151-NG-T01,Pre-PQ Process,SO-22522,DN-1198,Nigeria,PMO - US,From RDC,N/A - From RDC,Air,Pre-PQ Process,N/A - From RDC,30-Apr-09,30-Apr-09,30-Apr-09,ARV,Adult,SCMS from RDC,"Emtricitabine/Tenofovir Disoproxil Fumarate 200/300mg [Truvada], tablets, 30 Tabs",Emtricitabine/Tenofovir Disoproxil Fumarate,Truvada,300/200mg,Tablet - FDC,30,2067,54258.75,26.25,0.88,"Aspen-OSD, Port Elizabeth, SA",Yes,235,2922.53,106.35
86695,103-ZW-T30,FPQ-13316,SO-47250,DN-3772,Zimbabwe,PMO - US,From RDC,N/A - From RDC,Air,11/26/2013,N/A - From RDC,30-Jun-14,20-Jun-14,7-Jul-14,ARV,Pediatric,SCMS from RDC,"Abacavir/Lamivudine 60/30mg, tablets, 60 Tabs",Abacavir/Lamivudine,Generic,60/30mg,Tablet - FDC,60,1973,7892.0,4.0,0.07,"Aurobindo Unit III, India",Yes,8894,102.67,8.11
28241,108-VN-T30,FPQ-12051,SCMS-188581,ASN-21551,Vietnam,PMO - US,Direct Drop,FCA,Air,5/3/2013,8/27/2013,7-Oct-13,7-Oct-13,7-Oct-13,ARV,Adult,ABBVIE LOGISTICS (FORMERLY ABBOTT LOGISTICS BV),"Lopinavir/Ritonavir 200/50mg [Aluvia], tablets, 120 Tabs",Lopinavir/Ritonavir,Aluvia,200/50mg,Tablet,120,8566,520984.12,60.82,0.51,ABBVIE Ludwigshafen Germany,Yes,2042,6969.82,644.46
11412,111-MZ-T01,Pre-PQ Process,SO-502,DN-282,Mozambique,PMO - US,From RDC,N/A - From RDC,Air,Pre-PQ Process,N/A - From RDC,10-Oct-07,10-Oct-07,10-Oct-07,ARV,Adult,SCMS from RDC,"Ritonavir 100mg [Norvir], capsules, cool, 4 x 84 Caps",Ritonavir,Norvir,100mg,Capsule,336,140,5370.4,38.36,0.11,ABBVIE (Abbott) Logis. UK,No,See DN-282 (ID#:11144),See DN-282 (ID#:11144),8.59
85350,114-UG-T30,FPQ-11902,SO-44790,DN-3105,Uganda,PMO - US,From RDC,N/A - From RDC,Truck,3/16/2013,N/A - From RDC,16-Apr-13,25-Apr-13,25-Apr-13,ARV,Pediatric,SCMS from RDC,"Nevirapine 10mg/ml, oral suspension w/syringe, Bottle, 240 ml",Nevirapine,Generic,10mg/ml,Oral suspension,240,36229,70646.55,1.95,0.01,"Aurobindo Unit III, India",Yes,13310,12203.29,87.39
12318,104-CI-T01,Pre-PQ Process,SO-33250,DN-1428,Côte d'Ivoire,PMO - US,From RDC,N/A - From RDC,Air,Date Not Captured,N/A - From RDC,21-Sep-09,21-Sep-09,21-Sep-09,ARV,Adult,SCMS from RDC,"Emtricitabine/Tenofovir Disoproxil Fumarate 200/300mg, tablets, 30 Tabs",Emtricitabine/Tenofovir Disoproxil Fumarate,Generic,200/300mg,Tablet - FDC,30,666,7825.5,11.75,0.39,Mylan (formerly Matrix) Nashik,Yes,54,1713.01,15.34
77070,116-ZA-T30,FPQ-13973,SCMS-238552,ASN-27608,South Africa,PMO - US,Direct Drop,DDP,Truck,4/30/2014,8/5/2014,5-Aug-14,5-Aug-14,5-Aug-14,ARV,Adult,PHARMACY DIRECT,"Raltegravir 400mg [Isentress], tablets, 60 Tabs",Raltegravir,Isentress,400mg,Tablet,60,6,479.95,79.99,1.33,"MSD, Haarlem, NL",No,Weight Captured Separately,Freight Included in Commodity Cost,0.49
28838,161-ZA-T30,FPQ-5648,SCMS-75560,ASN-8147,South Africa,PMO - US,Direct Drop,DDP,Ocean,6/2/2010,6/17/2010,4-Nov-10,4-Nov-10,4-Nov-10,ARV,Adult,STRIDES ARCOLAB LIMITED,"Lamivudine 150mg, tablets, 60 Tabs",Lamivudine,Generic,150mg,Tablet,60,150000,373500.0,2.49,0.04,"Strides, Bangalore, India.",Yes,7670,8256.97,805.27
58716,114-UG-T30,FPQ-9365,SCMS-142470,ASN-15272,Uganda,PMO - US,Direct Drop,DDP,Air,3/15/2012,4/17/2012,21-Jun-12,21-Jun-12,21-Jun-12,ARV,Adult,ASPEN PHARMACARE,"Darunavir 300mg [Prezista], tablets, 120 Tabs",Darunavir,Prezista,300mg,Tablet,120,173,11521.8,66.6,0.55,"Aspen-OSD, Port Elizabeth, SA",Yes,35,251.52,16.15
82274,113-ZW-T30,FPQ-4472,SO-27190,DN-1500,Zimbabwe,PMO - US,From RDC,N/A - From RDC,Truck,3/17/2009,N/A - From RDC,15-Nov-09,9-Nov-09,9-Nov-09,ARV,Adult,SCMS from RDC,"Lamivudine/Nevirapine/Stavudine 150/200/30mg, tablets, 60 Tabs",Lamivudine/Nevirapine/Stavudine,Generic,150/200/30mg,Tablet - FDC,60,76000,506160.0,6.66,0.11,"Cipla, Goa, India",Yes,8701,15332.68,992.07
43344,101-CD-T30,FPQ-12093,SCMS-189070,ASN-20218,"Congo, DRC",PMO - US,Direct Drop,EXW,Air,4/23/2013,5/17/2013,28-Nov-13,28-Nov-13,3-Dec-13,ARV,Pediatric,Aurobindo Pharma Limited,"Nevirapine 50mg, dispersible tablets (tablets for oral suspension), 30 Tabs",Nevirapine,Generic,50mg,Chewable/dispersible tablet,30,1014,1267.5,1.25,0.04,"Aurobindo Unit III, India",No,See ASN-20218 (ID#:20450),See ASN-20218 (ID#:20450),1.57
84644,114-UG-T30,FPQ-7395,SO-39140,DN-2201,Uganda,PMO - US,From RDC,N/A - From RDC,Truck,3/11/2011,N/A - From RDC,6-Jun-11,1-Jun-11,1-Jun-11,ARV,Adult,SCMS from RDC,"Lamivudine/Tenofovir Disoproxil Fumarate 300/300mg, tablets, 30 Tabs",Lamivudine/Tenofovir Disoproxil Fumarate,Generic,300/300mg,Tablet - FDC,30,2559,22570.38,8.82,0.29,Mylan (formerly Matrix) Nashik,Yes,338,3397.95,37.24
10446,139-NA-T01,Pre-PQ Process,SCMS-45430,ASN-4660,Namibia,PMO - US,Direct Drop,EXW,Air,Pre-PQ Process,5/4/2009,1-Sep-09,1-Sep-09,1-Sep-09,HRDT,HIV test,"Orgenics, Ltd","HIV 1/2, Clearview Complete Kit, 25 Tests","HIV 1/2, Clearview Complete Kit",Clearview,,Test kit,25,33,2475.0,75.0,3.0,Chembio Diagnostics Sys. Inc.,Yes,25,238.56,4.85
32496,108-VN-T30,FPQ-12539,SCMS-199810,ASN-23000,Vietnam,PMO - US,Direct Drop,EXW,Air,7/11/2013,8/2/2013,23-Dec-13,23-Dec-13,23-Dec-13,ARV,Adult,MYLAN LABORATORIES LTD (FORMERLY MATRIX LABORATORIES),"Lamivudine/Zidovudine 150/300mg, tablets, 60 Tabs",Lamivudine/Zidovudine,Generic,150/300mg,Tablet - FDC,60,4848,31463.52,6.49,0.11,Mylan (formerly Matrix) Nashik,Yes,415,1009.6,38.92
5036,116-ZA-T01,Pre-PQ Process,SCMS-40850,ASN-3611,South Africa,PMO - US,Direct Drop,DDP,Air,Pre-PQ Process,Date Not Captured,16-Jun-09,28-Jan-09,28-Jan-09,ARV,Adult,S. BUYS WHOLESALER,"Zidovudine 300mg, tablets, 60 Tabs",Zidovudine,Generic,300mg,Tablet,60,6800,82620.0,12.15,0.2,"Aurobindo Unit III, India",Yes,Weight Captured Separately,Freight Included in Commodity Cost,161.94
83589,102-LY-T30,FPQ-9665,SO-41890,DN-2640,Libya,PMO - US,From RDC,N/A - From RDC,Air,4/4/2012,N/A - From RDC,6-Jun-12,8-May-12,8-May-12,ARV,Adult,SCMS from RDC,"Abacavir 300mg, tablets, 60 Tabs",Abacavir,Generic,300mg,Tablet,60,4250,55887.5,13.15,0.22,Mylan (formerly Matrix) Nashik,Yes,437,3062.18,78.35
84591,104-CI-T30,FPQ-5623,SO-36880,DN-2011,Côte d'Ivoire,PMO - US,From RDC,N/A - From RDC,Air,5/7/2010,N/A - From RDC,30-Sep-10,25-Sep-10,25-Sep-10,ARV,Pediatric,SCMS from RDC,"Didanosine 200mg, chewable/dispersible tablets, 60 Tabs",Didanosine,Generic,200mg,Chewable/dispersible tablet,60,6016,93248.0,15.5,0.26,"Aurobindo Unit III, India",No,See DN-2011 (ID#:82350),See DN-2011 (ID#:82350),201.04
65263,108-VN-T30,FPQ-15040,SCMS-263660,ASN-30941,Vietnam,PMO - US,Direct Drop,EXW,Air,10/30/2014,12/8/2014,31-Mar-15,31-Mar-15,1-Apr-15,ARV,Adult,HETERO LABS LIMITED,"Tenofovir Disoproxil Fumarate 300mg, tablets, 30 Tabs",Tenofovir Disoproxil Fumarate,Generic,300mg,Tablet,30,8000,28400.0,3.55,0.12,Hetero Unit III Hyderabad IN,No,See ASN-30941 (ID#:32306),See ASN-30941 (ID#:32306),29.2
82730,103-SS-T30,FPQ-13173,SO-47101,DN-3928,South Sudan,PMO - US,From RDC,N/A - From RDC,Air,10/28/2013,N/A - From RDC,30-Sep-14,15-Oct-14,22-Oct-14,ARV,Pediatric,SCMS from RDC,"Lamivudine/Zidovudine 30/60mg, dispersible tablets, 60 Tabs",Lamivudine/Zidovudine,Generic,30/60mg,Chewable/dispersible tablet - FDC,60,132,262.68,1.99,0.03,"Cipla, Goa, India",Yes,23,1651,0.27
84161,107-RW-T30,FPQ-9190,SO-41431,DN-2626,Rwanda,PMO - US,From RDC,N/A - From RDC,Air,1/27/2012,N/A - From RDC,29-Jun-12,26-Apr-12,26-Apr-12,ARV,Pediatric,SCMS from RDC,"Efavirenz 200mg, capsule, 90 Caps",Efavirenz,Generic,200mg,Capsule,90,993,8579.52,8.64,0.1,"Aurobindo Unit III, India",Yes,126,1675,12.03
670,110-ZM-T01,Pre-PQ Process,SCMS-27790,ASN-2641,Zambia,PMO - US,Direct Drop,EXW,Air,Pre-PQ Process,7/31/2008,20-Oct-08,20-Oct-08,20-Oct-08,HRDT,HIV test,"Orgenics, Ltd","HIV 1/2, Determine HIV Kit, without Lancets, 100 Tests","HIV 1/2, Determine HIV Kit, without Lancets",Determine,,Test kit,100,4500,323955.0,71.99,0.72,Inverness Japan,Yes,1053,11062.05,634.95
47413,106-HT-T30,FPQ-12590,SCMS-210530,ASN-22712,Haiti,PMO - US,Direct Drop,EXW,Air,8/21/2013,10/25/2013,24-Jan-14,24-Jan-14,29-Jan-14,ARV,Adult,MYLAN LABORATORIES LTD (FORMERLY MATRIX LABORATORIES),"Atazanavir/Ritonavir 300/100mg, tablets, 30 Tabs",Atazanavir/Ritonavir,Generic,300/100mg,Tablet,30,5000,100000.0,20.0,0.67,Mylan (formerly Matrix) Nashik,Yes,1189,7296.97,123.7
23573,133-NG-T30,FPQ-7553,SCMS-108720,ASN-11271,Nigeria,PMO - US,Direct Drop,EXW,Air,4/28/2011,5/23/2011,27-Jul-11,27-Jul-11,27-Jul-11,HRDT,HIV test,"Orgenics, Ltd","HIV 1/2, Determine Complete HIV Kit, 100 Tests","HIV 1/2, Determine Complete HIV Kit",Determine,,Test kit,100,2687,239143.0,89.0,0.89,Inverness Japan,Yes,1277,26014.88,394.59
84859,105-GY-T30,FPQ-12047,SO-45051,DN-3344,Guyana,PMO - US,From RDC,N/A - From RDC,Air,4/15/2013,N/A - From RDC,30-Sep-13,11-Oct-13,11-Oct-13,ARV,Adult,SCMS from RDC,"Zidovudine 300mg, tablets, 60 Tabs",Zidovudine,Generic,300mg,Tablet,60,1300,8333.0,6.41,0.11,Hetero Unit III Hyderabad IN,Yes,77,1149.07,10.31
67372,144-BW-T30,FPQ-4167,SCMS-54120,ASN-8574,Botswana,PMO - US,Direct Drop,EXW,Air,9/9/2009,9/30/2009,22-Nov-10,22-Nov-10,22-Nov-10,HRDT,HIV test,"Trinity Biotech, Plc","HIV 1/2, Uni-Gold HIV Kit, 20 Tests","HIV 1/2, Uni-Gold HIV Kit",Uni-Gold,,Test kit,20,5,160.0,32.0,1.6,"Trinity Biotech, Plc",Yes,2,634.36,0.31
84943,113-ZW-T30,FPQ-13508,SO-47541,DN-3771,Zimbabwe,PMO - US,From RDC,N/A - From RDC,Truck,12/24/2013,N/A - From RDC,30-Sep-14,20-Jun-14,7-Jul-14,ARV,Adult,SCMS from RDC,"Lamivudine/Tenofovir Disoproxil Fumarate 300/300mg, tablets, 30 Tabs",Lamivudine/Tenofovir Disoproxil Fumarate,Generic,300/300mg,Tablet - FDC,30,153560,721732.0,4.7,0.16,"Aurobindo Unit VII, IN",Yes,18528,31514.85,741.94
24591,108-VN-T30,FPQ-6818,SCMS-98060,ASN-10712,Vietnam,PMO - US,Direct Drop,FCA,Air,1/17/2011,2/15/2011,28-May-11,28-May-11,28-May-11,ARV,Adult,ABBVIE LOGISTICS (FORMERLY ABBOTT LOGISTICS BV),"Lopinavir/Ritonavir 200/50mg [Aluvia], tablets, 120 Tabs",Lopinavir/Ritonavir,Aluvia,200/50mg,Tablet,120,3010,247422.0,82.2,0.68,ABBVIE Ludwigshafen Germany,Yes,756,9193.82,408.25
38538,108-VN-T30,FPQ-10811,SCMS-164560,ASN-18406,Vietnam,PMO - US,Direct Drop,EXW,Air,10/15/2012,11/7/2012,13-Mar-13,13-Mar-13,13-Mar-13,ARV,Adult,MYLAN LABORATORIES LTD (FORMERLY MATRIX LABORATORIES),"Efavirenz/Lamivudine/Tenofovir Disoproxil Fumarate 600/300/300mg, tablets, 30 Tabs",Efavirenz/Lamivudine/Tenofovir Disoproxil Fumarate,Generic,600/300/300mg,Tablet - FDC,30,16611,190860.39,11.49,0.38,Mylan (formerly Matrix) Nashik,No,See ASN-18406 (ID#:14871),See ASN-18406 (ID#:14871),236.09
67248,116-ZA-T30,FPQ-14942,SCMS-259084,ASN-33331,South Africa,PMO - US,Direct Drop,DDP,Truck,9/11/2014,7/14/2015,14-Jul-15,14-Jul-15,14-Jul-15,ARV,Pediatric,PHARMACY DIRECT,"Lopinavir/Ritonavir 80/20mg/ml [Kaletra], oral solution, cool, Bottle 5 x 60 ml",Lopinavir/Ritonavir,Kaletra,80/20mg/ml,Oral solution,300,4,68.56,17.14,0.06,ABBVIE (Abbott) Logis. UK,Yes,Weight Captured Separately,Freight Included in Commodity Cost,0.07
71753,116-ZA-T30,FPQ-13973,SCMS-238553,ASN-28021,South Africa,PMO - US,Direct Drop,DDP,Truck,4/30/2014,8/28/2014,28-Aug-14,28-Aug-14,28-Aug-14,ARV,Adult,PHARMACY DIRECT,"Didanosine 400mg, delayed-release capsules, 30 Caps",Didanosine,Generic,400mg,Delayed-release capsules,30,7,137.73,19.68,0.66,"Aurobindo Unit III, India",No,Weight Captured Separately,Freight Included in Commodity Cost,0.14
30633,161-ZA-T30,FPQ-5303,SCMS-68940,ASN-8001,South Africa,PMO - US,Direct Drop,DDP,Air,3/18/2010,3/19/2010,7-Sep-10,15-Oct-10,15-Oct-10,ARV,Adult,Aurobindo Pharma Limited,"Efavirenz 600mg, tablets, 30 Tabs",Efavirenz,Generic,600mg,Tablet,30,40135,187430.45,4.67,0.16,"Aurobindo Unit III, India",Yes,3764,4263.07,404.1
77677,109-TZ-T30,FPQ-13803,SCMS-231060,ASN-25337,Tanzania,PMO - US,Direct Drop,EXW,Air,2/28/2014,3/7/2014,24-Jun-14,24-Jun-14,24-Jun-14,ARV,Adult,MYLAN LABORATORIES LTD (FORMERLY MATRIX LABORATORIES),"Emtricitabine/Tenofovir Disoproxil Fumarate 200/300mg, tablets, 30 Tabs",Emtricitabine/Tenofovir Disoproxil Fumarate,Generic,200/300mg,Tablet - FDC,30,5000,28700.0,5.74,0.19,Mylan (formerly Matrix) Nashik,Yes,449,2865.22,29.5
67776,108-VN-T30,FPQ-4662,SCMS-58610,ASN-5841,Vietnam,PMO - US,Direct Drop,EXW,Air,12/2/2009,12/8/2009,25-Jan-10,25-Jan-10,25-Jan-10,ARV,Adult,STRIDES ARCOLAB LIMITED,"Stavudine 30mg, capsules, 60 Caps",Stavudine,Generic,30mg,Capsule,60,672,940.8,1.4,0.02,"Strides, Bangalore, India.",Yes,32,1701.1,2.03
10824,100-CI-T01,Pre-PQ Process,SO-430,DN-75,Côte d'Ivoire,PMO - US,From RDC,N/A - From RDC,,Pre-PQ Process,N/A - From RDC,30-Apr-07,30-Apr-07,30-Apr-07,ARV,Adult,SCMS from RDC,"Lamivudine/Zidovudine 150/300mg, tablets, 60 Tabs",Lamivudine/Zidovudine,Generic,150/300mg,Tablet - FDC,60,6945,71186.25,10.25,0.17,"Aurobindo Unit III, India",Yes,650,2457,
2014,116-ZA-T01,Pre-PQ Process,SCMS-28830,ASN-2503,South Africa,PMO - US,Direct Drop,DDP,Truck,Pre-PQ Process,Date Not Captured,25-Aug-08,14-Aug-08,14-Aug-08,ARV,Adult,S. BUYS WHOLESALER,"Tenofovir Disoproxil Fumarate 300mg [Viread], tablets, 30 Tabs",Tenofovir Disoproxil Fumarate,Viread,300mg,Tablet,30,300,7080.0,23.6,0.79,"Aspen-OSD, Port Elizabeth, SA",Yes,Weight Captured Separately,Freight Included in Commodity Cost,11.33
22600,105-SS-T30,FPQ-11539,SCMS-176930,ASN-19142,South Sudan,PMO - US,Direct Drop,EXW,Air,1/24/2013,2/26/2013,20-Jul-13,20-Jul-13,20-Jul-13,HRDT,HIV test,"Orgenics, Ltd","HIV 1/2, Determine Complete HIV Kit, 100 Tests","HIV 1/2, Determine Complete HIV Kit",Determine,,Test kit,100,250,22250.0,89.0,0.89,"Alere Medical Co., Ltd.",Yes,115,2561.61,27.52
24862,116-ZA-T30,FPQ-13035,SCMS-215370,ASN-24415,South Africa,PMO - US,Direct Drop,DDP,Truck,10/8/2013,12/2/2013,6-Feb-14,6-Feb-14,6-Feb-14,ARV,Pediatric,S. BUYS WHOLESALER,"Lopinavir/Ritonavir 100/25mg [Aluvia], tablets, 60 Tabs",Lopinavir/Ritonavir,Generic,100/25mg,Tablet,60,17,98.29,5.78,0.1,ABBVIE Ludwigshafen Germany,No,Weight Captured Separately,Freight Included in Commodity Cost,0.12
82333,104-CI-T30,FPQ-5201,SO-36310,DN-1880,Côte d'Ivoire,PMO - US,From RDC,N/A - From RDC,Air,3/3/2010,N/A - From RDC,9-Jul-10,5-Jul-10,5-Jul-10,ARV,Pediatric,SCMS from RDC,"Nevirapine 10mg/ml, oral suspension, Bottle, 240 ml",Nevirapine,Generic,10mg/ml,Oral suspension,240,3872,7085.76,1.83,0.01,"Aurobindo Unit III, India",Yes,1451,5121.68,15.28
57779,106-HT-T30,FPQ-15038,SCMS-262840,ASN-31820,Haiti,PMO - US,Direct Drop,EXW,Ocean,10/22/2014,12/24/2014,3-Jul-15,3-Jul-15,13-Jul-15,ARV,Adult,MYLAN LABORATORIES LTD (FORMERLY MATRIX LABORATORIES),"Lamivudine/Nevirapine/Zidovudine 150/200/300mg, tablets, 60 Tabs",Lamivudine/Nevirapine/Zidovudine,Generic,150/300/200mg,Tablet - FDC,60,60000,486000.0,8.1,0.13,Mylan (formerly Matrix) Nashik,No,See ASN-31820 (ID#:16098),See ASN-31820 (ID#:16098),499.61
83966,110-ZM-T30,FPQ-4029,SO-33190,DN-1521,Zambia,PMO - US,From RDC,N/A - From RDC,Air,8/5/2009,N/A - From RDC,30-Nov-09,11-Nov-09,11-Nov-09,ARV,Adult,SCMS from RDC,"Lamivudine 150mg, tablets, 60 Tabs",Lamivudine,Generic,150mg,Tablet,60,16539,40355.16,2.44,0.04,"Aurobindo Unit III, India",Yes,796,4234.42,79.1
83514,113-ZW-T30,FPQ-6470,SO-37842,DN-2285,Zimbabwe,PMO - US,From RDC,N/A - From RDC,Truck,10/13/2010,N/A - From RDC,15-Aug-11,11-Aug-11,11-Aug-11,ARV,Adult,SCMS from RDC,"Lamivudine/Stavudine 150/30mg, tablets, 60 Tabs",Lamivudine/Stavudine,Generic,150/30mg,Tablet - FDC,60,4669,15314.32,3.28,0.05,"Cipla, Goa, India",Yes,357,2143.49,33.02
73776,101-CD-T30,FPQ-16001,SCMS-280220,ASN-32231,"Congo, DRC",PMO - US,Direct Drop,EXW,Air,3/10/2015,3/17/2015,23-Jul-15,23-Jul-15,29-Jul-15,HRDT,HIV test,"Orgenics, Ltd","HIV 1/2, Determine Complete HIV Kit, 100 Tests","HIV 1/2, Determine Complete HIV Kit",Determine,,Test kit,100,128,10240.0,80.0,0.8,"Alere Medical Co., Ltd.",No,See ASN-32231 (ID#:13648),See ASN-32231 (ID#:13648),12.05
11326,110-ZM-T01,Pre-PQ Process,SO-30300,DN-1250,Zambia,PMO - US,From RDC,N/A - From RDC,Truck,Pre-PQ Process,N/A - From RDC,15-Jun-09,15-Jun-09,15-Jun-09,ARV,Adult,SCMS from RDC,"Abacavir 300mg, tablets, 60 Tabs",Abacavir,Generic,300mg,Tablet,60,4594,116917.3,25.45,0.42,Mylan (formerly Matrix) Nashik,No,See DN-1250 (ID#:10774),See DN-1250 (ID#:10774),229.16
85558,113-ZW-T30,FPQ-14458,SO-49170,DN-4112,Zimbabwe,PMO - US,From RDC,N/A - From RDC,Truck,6/13/2014,N/A - From RDC,6-Mar-15,6-Feb-15,6-Feb-15,ARV,Adult,SCMS from RDC,"Efavirenz/Lamivudine/Tenofovir Disoproxil Fumarate 600/300/300mg, tablets, 30 Tabs",Efavirenz/Lamivudine/Tenofovir Disoproxil Fumarate,Generic,600/300/300mg,Tablet - FDC,30,74346,725616.96,9.76,0.33,Hetero Unit III Hyderabad IN,No,See DN-4112 (ID#:84448),See DN-4112 (ID#:84448),745.93
83544,151-NG-T30,FPQ-7812,SO-40723,DN-2395,Nigeria,PMO - US,From RDC,N/A - From RDC,Air Charter,6/6/2011,N/A - From RDC,5-Dec-11,13-Oct-11,13-Oct-11,ARV,Adult,SCMS from RDC,"Lamivudine/Nevirapine/Zidovudine 150/200/300mg, tablets, 60 Tabs",Lamivudine/Nevirapine/Zidovudine,Generic,150/300/200mg,Tablet - FDC,60,94848,1064194.56,11.22,0.19,Mylan (formerly Matrix) Nashik,No,See DN-2395 (ID#:82415),See DN-2395 (ID#:82415),1755.92
83505,151-NG-T30,FPQ-7217,SO-39630,DN-2219,Nigeria,PMO - US,From RDC,N/A - From RDC,Air Charter,2/21/2011,N/A - From RDC,15-Jun-11,5-Jul-11,5-Jul-11,ARV,Adult,SCMS from RDC,"Emtricitabine/Tenofovir Disoproxil Fumarate 200/300mg, tablets, 30 Tabs",Emtricitabine/Tenofovir Disoproxil Fumarate,Generic,200/300mg,Tablet - FDC,30,57749,630619.08,10.92,0.36,"Aurobindo Unit III, India",Yes,5554,13398.06,1040.52
86354,104-CI-T30,FPQ-5925,SO-37650,DN-2061,Côte d'Ivoire,PMO - US,From RDC,N/A - From RDC,Truck,6/23/2010,N/A - From RDC,30-Nov-10,22-Dec-10,22-Dec-10,ARV,Adult,SCMS from RDC,"Nevirapine 200mg, tablets, 60 Tabs",Nevirapine,Generic,200mg,Tablet,60,100425,267130.5,2.66,0.04,"Strides, Bangalore, India.",Yes,6880,7826.75,575.93
82950,113-ZW-T30,FPQ-6470,SO-39510,DN-2205,Zimbabwe,PMO - US,From RDC,N/A - From RDC,Truck,10/13/2010,N/A - From RDC,31-May-11,15-Jun-11,15-Jun-11,ARV,Adult,SCMS from RDC,"Lamivudine/Nevirapine/Stavudine 150/200/30mg, tablets, 60 Tabs",Lamivudine/Nevirapine/Stavudine,Generic,150/200/30mg,Tablet - FDC,60,19512,104974.56,5.38,0.09,"Cipla, Goa, India",Yes,10589,15608.15,226.33
83156,114-UG-T30,FPQ-12253,SO-45541,DN-3296,Uganda,PMO - US,From RDC,N/A - From RDC,Truck,5/8/2013,N/A - From RDC,12-Sep-13,16-Oct-13,29-Oct-13,ARV,Adult,SCMS from RDC,"Lamivudine/Tenofovir Disoproxil Fumarate 300/300mg, tablets, 30 Tabs",Lamivudine/Tenofovir Disoproxil Fumarate,Generic,300/300mg,Tablet - FDC,30,4403,20694.1,4.7,0.16,"Aurobindo Unit VII, IN",Yes,703,4234.12,25.6
12317,110-ZM-T01,Pre-PQ Process,SO-29030,DN-1407,Zambia,PMO - US,From RDC,N/A - From RDC,Truck,Date Not Captured,N/A - From RDC,19-Oct-09,19-Oct-09,19-Oct-09,ARV,Adult,SCMS from RDC,"Nevirapine 200mg, tablets, 60 Tabs",Nevirapine,Generic,200mg,Tablet,60,15718,47154.0,3.0,0.05,"Aurobindo Unit III, India",No,See DN-1407 (ID#:11681),See DN-1407 (ID#:11681),92.42
86483,113-ZW-T30,FPQ-8464,SO-40883,DN-2693,Zimbabwe,PMO - US,From RDC,N/A - From RDC,Truck,10/4/2011,N/A - From RDC,14-Aug-12,27-Jun-12,27-Jun-12,ARV,Adult,SCMS from RDC,"Nevirapine 200mg, tablets, 60 Tabs",Nevirapine,Generic,200mg,Tablet,60,49037,119650.28,2.44,0.04,Hetero Unit III Hyderabad IN,No,See DN-2693 (ID#:82481),See DN-2693 (ID#:82481),197.42
21742,102-GY-T30,FPQ-6501,SCMS-89530,ASN-8827,Guyana,PMO - US,Direct Drop,EXW,Air,10/8/2010,10/27/2010,19-Nov-10,19-Nov-10,19-Nov-10,HRDT,HIV test,"CHEMBIO DIAGNOSTIC SYSTEMS, INC.","HIV 1/2, Stat-Pak HIV, Kit, 20 Tests","HIV 1/2, Stat-Pak HIV, Kit",Stat-Pak,,Test kit,20,40,1080.0,27.0,1.35,Chembio Diagnostics Sys. Inc.,Yes,14,269.98,1.78
84729,107-RW-T30,FPQ-9888,SO-42110,DN-2673,Rwanda,PMO - US,From RDC,N/A - From RDC,Air,5/11/2012,N/A - From RDC,15-Jun-12,1-Jun-12,1-Jun-12,ARV,Adult,SCMS from RDC,"Abacavir 300mg, tablets, 60 Tabs",Abacavir,Generic,300mg,Tablet,60,12000,157800.0,13.15,0.22,Mylan (formerly Matrix) Nashik,Yes,1239,28202,221.24
1637,104-CI-T01,Pre-PQ Process,SCMS-18320,ASN-3465,Côte d'Ivoire,PMO - US,Direct Drop,EXW,Air,Pre-PQ Process,2/27/2008,4-Mar-09,4-Mar-09,4-Mar-09,HRDT,HIV test,"CHEMBIO DIAGNOSTIC SYSTEMS, INC.","HIV 1/2, Stat-Pak HIV, Kit, 20 Tests","HIV 1/2, Stat-Pak HIV, Kit",Stat-Pak,,Test kit,20,289,7803.0,27.0,1.35,Chembio Diagnostics Sys. Inc.,Yes,79,1104.69,15.29
83226,113-ZW-T30,FPQ-12950,SO-46620,DN-3588,Zimbabwe,PMO - US,From RDC,N/A - From RDC,Truck,9/10/2013,N/A - From RDC,6-May-14,21-Mar-14,17-Apr-14,ARV,Adult,SCMS from RDC,"Efavirenz/Lamivudine/Tenofovir Disoproxil Fumarate 600/300/300mg, tablets, 30 Tabs",Efavirenz/Lamivudine/Tenofovir Disoproxil Fumarate,Generic,600/300/300mg,Tablet - FDC,30,360000,4014000.0,11.15,0.37,Hetero Unit III Hyderabad IN,No,See DN-3588 (ID#:83225),See DN-3588 (ID#:83225),4965.32
83666,105-GY-T30,FPQ-11546,SO-44520,DN-3060,Guyana,PMO - US,From RDC,N/A - From RDC,Air,1/28/2013,N/A - From RDC,18-Apr-13,15-Mar-13,15-Mar-13,ARV,Adult,SCMS from RDC,"Abacavir 300mg, tablets, 60 Tabs",Abacavir,Generic,300mg,Tablet,60,182,2358.72,12.96,0.22,Mylan (formerly Matrix) Nashik,No,See DN-3060 (ID#:83121),See DN-3060 (ID#:83121),2.92
2766,108-VN-T01,Pre-PQ Process,SCMS-749,ASN-744,Vietnam,PMO - US,Direct Drop,EXW,Air,Pre-PQ Process,7/3/2007,2-Oct-07,2-Oct-07,2-Oct-07,ARV,Pediatric,Aurobindo Pharma Limited,"Lamivudine 10mg/ml, oral solution, Bottle, 240 ml",Lamivudine,Generic,10mg/ml,Oral solution,240,500,950.0,1.9,0.01,"Aurobindo Unit III, India",No,See ASN-744 (ID#:1356),See ASN-744 (ID#:1356),1.52
84137,101-CD-T30,FPQ-8840,SO-41137,DN-2499,"Congo, DRC",PMO - US,From RDC,N/A - From RDC,Air,11/21/2011,N/A - From RDC,16-Mar-12,14-Feb-12,14-Feb-12,ARV,Adult,SCMS from RDC,"Lopinavir/Ritonavir 200/50mg, tablets, 120 Tabs",Lopinavir/Ritonavir,Generic,200/50mg,Tablet,120,50,1687.0,33.74,0.28,"Aurobindo Unit III, India",No,See DN-2499 (ID#:83004),See DN-2499 (ID#:83004),2.37
13761,108-VN-T30,FPQ-9576,SCMS-145320,ASN-16055,Vietnam,PMO - US,Direct Drop,FCA,Air,4/11/2012,6/15/2012,3-Oct-12,3-Oct-12,3-Oct-12,ARV,Adult,ABBVIE LOGISTICS (FORMERLY ABBOTT LOGISTICS BV),"Ritonavir 100mg [Norvir], film coated tablets, 30 Tabs",Ritonavir,Norvir,100mg,Tablet,30,174,4047.24,23.26,0.78,ABBVIE Ludwigshafen Germany,Yes,21,583.66,5.67
26117,116-ZA-T30,FPQ-14942,SCMS-295800,ASN-33865,South Africa,PMO - US,Direct Drop,DDP,Truck,9/11/2014,8/24/2015,24-Aug-15,24-Aug-15,24-Aug-15,ARV,Adult,PHARMACY DIRECT,"Lamivudine/Zidovudine 150/300mg, tablets, 60 Tabs",Lamivudine/Zidovudine,Generic,150/300mg,Tablet - FDC,60,24,551.92,23.0,0.38,"Aurobindo Unit III, India",No,Weight Captured Separately,Freight Included in Commodity Cost,0.57
83254,110-ZM-T30,FPQ-14105,SO-48652,DN-3877,Zambia,PMO - US,From RDC,N/A - From RDC,Truck,4/16/2014,N/A - From RDC,4-Sep-14,23-Sep-14,17-Oct-14,ARV,Adult,SCMS from RDC,"Lamivudine/Zidovudine 150/300mg, tablets, 60 Tabs",Lamivudine/Zidovudine,Generic,150/300mg,Tablet - FDC,60,13535,88248.2,6.52,0.11,"Aurobindo Unit III, India",Yes,3704,4562.72,90.72
11022,104-CI-T01,Pre-PQ Process,SO-11850,DN-988,Côte d'Ivoire,PMO - US,From RDC,N/A - From RDC,Air,Pre-PQ Process,N/A - From RDC,1-Dec-08,1-Dec-08,1-Dec-08,ARV,Adult,SCMS from RDC,"Lamivudine/Zidovudine 150/300mg, tablets, 60 Tabs",Lamivudine/Zidovudine,Generic,150/300mg,Tablet - FDC,60,32256,301593.6,9.35,0.16,"Aurobindo Unit III, India",Yes,5589,22758.49,591.12
10636,110-ZM-T01,Pre-PQ Process,SO-1317,DN-605,Zambia,PMO - US,From RDC,N/A - From RDC,Truck,Pre-PQ Process,N/A - From RDC,21-Feb-08,21-Feb-08,21-Feb-08,ARV,Adult,SCMS from RDC,"Nevirapine 200mg, tablets, 60 Tabs",Nevirapine,Generic,200mg,Tablet,60,72333,245932.2,3.4,0.06,Hetero Unit III Hyderabad IN,Yes,4957,15220.18,393.49
83859,103-ZW-T30,FPQ-14459,SO-49182,DN-4004,Zimbabwe,PMO - US,From RDC,N/A - From RDC,Truck,6/13/2014,N/A - From RDC,24-Nov-14,11-Nov-14,18-Nov-14,ARV,Pediatric,SCMS from RDC,"Lamivudine/Zidovudine 30/60mg, dispersible tablets, 60 Tabs",Lamivudine/Zidovudine,Generic,30/60mg,Chewable/dispersible tablet - FDC,60,10893,21677.07,1.99,0.03,"Cipla, Goa, India",Yes,735,6331.93,22.28
56919,116-ZA-T30,FPQ-14942,SCMS-259076,ASN-32524,South Africa,PMO - US,Direct Drop,DDP,Truck,9/11/2014,6/2/2015,2-Jun-15,2-Jun-15,2-Jun-15,ARV,Adult,PHARMACY DIRECT,"Lamivudine/Zidovudine 150/300mg, tablets, 60 Tabs",Lamivudine/Zidovudine,Generic,150/300mg,Tablet - FDC,60,14,300.08,21.43,0.36,"Aurobindo Unit III, India",No,Weight Captured Separately,Freight Included in Commodity Cost,0.31
1223,116-ZA-T01,Pre-PQ Process,SCMS-47051,ASN-4836,South Africa,PMO - US,Direct Drop,DDP,Truck,Pre-PQ Process,6/5/2009,12-Oct-09,28-Jul-09,28-Jul-09,ARV,Pediatric,S. BUYS WHOLESALER,"Lamivudine 10mg/ml [Epivir], oral solution, Bottle, 240 ml",Lamivudine,Epivir,10mg/ml,Oral solution,240,460,2838.2,6.17,0.03,GSK Mississauga (Canada),Yes,Weight Captured Separately,Freight Included in Commodity Cost,5.56
55083,116-ZA-T30,FPQ-15269,SCMS-267020,ASN-29764,South Africa,PMO - US,Direct Drop,DDP,Truck,10/29/2014,12/10/2014,10-Dec-14,10-Dec-14,10-Dec-14,ARV,Adult,S. BUYS WHOLESALER,"Didanosine 250mg, delayed-release capsules, 30 Caps",Didanosine,Generic,250mg,Delayed-release capsules,30,4,54.01,13.5,0.45,"Aurobindo Unit III, India",No,Weight Captured Separately,Freight Included in Commodity Cost,0.06
84728,111-MZ-T30,FPQ-8157,SO-40384,DN-2680,Mozambique,PMO - US,From RDC,N/A - From RDC,Truck,8/4/2011,N/A - From RDC,16-May-12,10-May-12,10-May-12,ARV,Adult,SCMS from RDC,"Lamivudine/Nevirapine/Stavudine 150/200/30mg, tablets, 60 Tabs",Lamivudine/Nevirapine/Stavudine,Generic,150/200/30mg,Tablet - FDC,60,4050,19035.0,4.7,0.08,"Strides, Bangalore, India.",Yes,Weight Captured Separately,Invoiced Separately,31.41
83570,104-CI-T30,FPQ-8295,SO-40751,DN-2554,Côte d'Ivoire,PMO - US,From RDC,N/A - From RDC,Truck,8/25/2011,N/A - From RDC,12-Mar-12,24-Feb-12,24-Feb-12,ARV,Adult,SCMS from RDC,"Efavirenz/Emtricitabine/Tenofovir Disoproxil Fumarate 600/200/300mg, tablets, 30 Tabs",Efavirenz/Emtricitabine/Tenofovir Disoproxil Fumarate,Generic,600/200/300mg,Tablet - FDC,30,8922,149265.06,16.73,0.56,Mylan (formerly Matrix) Nashik,Yes,973,4466.99,246.29
86208,114-UG-T30,FPQ-15639,SO-50660,DN-4310,Uganda,PMO - US,From RDC,N/A - From RDC,Truck,12/22/2014,N/A - From RDC,31-Jul-15,23-Jul-15,23-Jul-15,ARV,Adult,SCMS from RDC,"Lamivudine/Nevirapine/Zidovudine 150/200/300mg, tablets, 60 Tabs",Lamivudine/Nevirapine/Zidovudine,Generic,150/300/200mg,Tablet - FDC,60,30881,250444.91,8.11,0.14,"Hetero, Jadcherla, unit 5, IN",No,See DN-4310 (ID#:82811),See DN-4310 (ID#:82811),294.77
8460,108-VN-T01,Pre-PQ Process,SCMS-23340,ASN-2277,Vietnam,PMO - US,Direct Drop,EXW,Air,Pre-PQ Process,5/13/2008,19-Sep-08,19-Sep-08,19-Sep-08,ARV,Adult,Aurobindo Pharma Limited,"Nevirapine 200mg, tablets, 60 Tabs",Nevirapine,Generic,200mg,Tablet,60,3840,12326.4,3.21,0.05,"Aurobindo Unit III, India",No,See ASN-2277 (ID#:5793),See ASN-2277 (ID#:5793),19.72
10776,106-HT-T01,Pre-PQ Process,SO-24850,DN-1280,Haiti,PMO - US,From RDC,N/A - From RDC,Air,Pre-PQ Process,N/A - From RDC,18-Jun-09,18-Jun-09,18-Jun-09,ARV,Pediatric,SCMS from RDC,"Nevirapine 10mg/ml, oral suspension, Bottle, 240 ml",Nevirapine,Generic,10mg/ml,Oral suspension,240,2208,4239.36,1.92,0.01,"Aurobindo Unit III, India",Yes,827,7789.88,8.31
11913,117-ET-T01,Pre-PQ Process,SO-22050,DN-1105,Ethiopia,PMO - US,From RDC,N/A - From RDC,Air,Pre-PQ Process,N/A - From RDC,20-Mar-09,20-Mar-09,20-Mar-09,ARV,Adult,SCMS from RDC,"Lamivudine/Nevirapine/Zidovudine 150/200/300mg, tablets, 60 Tabs",Lamivudine/Nevirapine/Zidovudine,Generic,150/300/200mg,Tablet - FDC,60,10812,127581.6,11.8,0.2,"Aurobindo Unit III, India",No,See DN-1105 (ID#:11303),See DN-1105 (ID#:11303),250.06
60261,105-GY-T30,FPQ-6308,SCMS-85580,ASN-8349,Guyana,PMO - US,Direct Drop,EXW,Air,9/13/2010,9/17/2010,13-Oct-10,13-Oct-10,13-Oct-10,ARV,Adult,Aurobindo Pharma Limited,"Lopinavir/Ritonavir 200/50mg, tablets, 120 Tabs",Lopinavir/Ritonavir,Generic,200/50mg,Tablet,120,400,14400.0,36.0,0.3,"Aurobindo Unit III, India",Yes,Weight Captured Separately,Invoiced Separately,31.05
12170,106-HT-T01,Pre-PQ Process,SO-2047,DN-742,Haiti,PMO - US,From RDC,N/A - From RDC,Air,Pre-PQ Process,N/A - From RDC,2-Jun-08,2-Jun-08,2-Jun-08,ARV,Pediatric,SCMS from RDC,"Abacavir 20mg/ml, oral solution, Bottle, 240 ml",Abacavir,Generic,20mg/ml,Oral solution,240,160,2640.0,16.5,0.07,"Aurobindo Unit III, India",No,See DN-742 (ID#:11537),See DN-742 (ID#:11537),4.22
73596,133-NG-T30,FPQ-14305,SCMS-240830,ASN-27473,Nigeria,PMO - US,Direct Drop,EXW,Air,5/16/2014,6/2/2014,19-Aug-14,4-Sep-14,17-Sep-14,HRDT,HIV test,"Orgenics, Ltd","HIV 1/2, Determine Complete HIV Kit, 100 Tests","HIV 1/2, Determine Complete HIV Kit",Determine,,Test kit,100,2769,246441.0,89.0,0.89,"Alere Medical Co., Ltd.",Yes,2355,16816.33,253.34
86518,900-SS-T30,FPQ-10517,SO-43080,DN-2872,South Sudan,PMO - US,From RDC,N/A - From RDC,Air,8/17/2012,N/A - From RDC,30-Nov-12,30-Nov-12,30-Nov-12,ARV,Adult,SCMS from RDC,"Lamivudine/Zidovudine 150/300mg, tablets, 60 Tabs",Lamivudine/Zidovudine,Generic,150/300mg,Tablet - FDC,60,300,2316.0,7.72,0.13,Mylan (formerly Matrix) Nashik,Yes,25,742.98,3.25
72695,107-RW-T30,FPQ-6185,SCMS-84400,ASN-10663,Rwanda,PMO - US,Direct Drop,CIP,Air,9/3/2010,9/27/2010,25-Apr-11,25-Apr-11,25-Apr-11,ARV,Adult,Aurobindo Pharma Limited,"Didanosine 250mg, delayed-release capsules, 30 Caps",Didanosine,Generic,250mg,Delayed-release capsules,30,570,7552.5,13.25,0.44,"Aurobindo Unit III, India",No,See ASN-10663 (ID#:32313),See ASN-10663 (ID#:32313),16.28
82422,151-NG-T30,FPQ-8364,SO-40652,DN-2454,Nigeria,PMO - US,From RDC,N/A - From RDC,Air Charter,8/29/2011,N/A - From RDC,2-Mar-12,18-Dec-11,18-Dec-11,ARV,Adult,SCMS from RDC,"Lamivudine 150mg, tablets, 60 Tabs",Lamivudine,Generic,150mg,Tablet,60,4700,10951.0,2.33,0.04,"Aurobindo Unit III, India",Yes,264,15322.73,18.07
28204,161-ZA-T30,FPQ-5648,SCMS-75980,ASN-8698,South Africa,PMO - US,Direct Drop,DDP,Ocean,6/2/2010,6/17/2010,20-Dec-10,20-Dec-10,20-Dec-10,ARV,Adult,Aurobindo Pharma Limited,"Tenofovir Disoproxil Fumarate 300mg, tablets, 30 Tabs",Tenofovir Disoproxil Fumarate,Generic,300mg,Tablet,30,88289,610076.99,6.91,0.23,"Aurobindo Unit III, India",Yes,7540,5460.48,1315.33
84585,104-CI-T30,FPQ-5623,SO-36890,DN-1984,Côte d'Ivoire,PMO - US,From RDC,N/A - From RDC,Air,5/7/2010,N/A - From RDC,31-Aug-10,23-Aug-10,23-Aug-10,ARV,Adult,SCMS from RDC,"Lamivudine 150mg, tablets, 60 Tabs",Lamivudine,Generic,150mg,Tablet,60,6594,15364.02,2.33,0.04,"Strides, Bangalore, India.",No,See DN-1984 (ID#:83453),See DN-1984 (ID#:83453),33.12
47473,103-ZW-T30,FPQ-16527,SCMS-294730,ASN-33622,Zimbabwe,PMO - US,Direct Drop,FCA,Air,7/1/2015,7/10/2015,20-Aug-15,20-Aug-15,21-Aug-15,ARV,Pediatric,ABBVIE LOGISTICS (FORMERLY ABBOTT LOGISTICS BV),"Lopinavir/Ritonavir 80/20mg/ml [Kaletra], oral solution, cool, Bottle 5 x 60 ml",Lopinavir/Ritonavir,Kaletra,80/20mg/ml,Oral solution,300,4497,138597.54,30.82,0.1,ABBVIE (Abbott) Logis. UK,Yes,3968,Freight Included in Commodity Cost,163.13
82851,104-CI-T30,FPQ-4187,SO-33510,DN-1585,Côte d'Ivoire,PMO - US,From RDC,N/A - From RDC,Air,9/9/2009,N/A - From RDC,30-Dec-09,5-Jan-10,5-Jan-10,ARV,Adult,SCMS from RDC,"Zidovudine 300mg, tablets, 60 Tabs",Zidovudine,Generic,300mg,Tablet,60,9780,73643.4,7.53,0.13,"Aurobindo Unit III, India",Yes,550,2794.67,144.34
77671,901-GH-T30,FPQ-14101,SCMS-245400,ASN-29127,Ghana,PMO - US,Direct Drop,EXW,Air,4/30/2014,7/8/2014,24-Dec-14,24-Dec-14,2-Jan-15,ARV,Pediatric,Aurobindo Pharma Limited,"Lamivudine 10mg/ml, oral solution, Bottle, 240 ml",Lamivudine,Generic,10mg/ml,Oral solution,240,11730,16773.9,1.43,0.01,"Aurobindo Unit III, India",Yes,4673,22212.75,17.24
11041,114-UG-T01,Pre-PQ Process,SO-26150,DN-1223,Uganda,PMO - US,From RDC,N/A - From RDC,Air,Pre-PQ Process,N/A - From RDC,1-Jun-09,1-Jun-09,1-Jun-09,ARV,Adult,SCMS from RDC,"Emtricitabine/Tenofovir Disoproxil Fumarate 200/300mg [Truvada], tablets, 30 Tabs",Emtricitabine/Tenofovir Disoproxil Fumarate,Truvada,300/200mg,Tablet - FDC,30,260,6825.0,26.25,0.88,"Aspen-OSD, Port Elizabeth, SA",Yes,28,1180.71,13.38
84719,107-RW-T30,FPQ-9190,SO-41430,DN-2625,Rwanda,PMO - US,From RDC,N/A - From RDC,Air,1/27/2012,N/A - From RDC,29-Jun-12,17-Apr-12,17-Apr-12,ARV,Pediatric,SCMS from RDC,"Efavirenz 200mg, capsule, 90 Caps",Efavirenz,Generic,200mg,Capsule,90,487,4207.68,8.64,0.1,"Aurobindo Unit III, India",Yes,66,585.42,5.9
12806,111-MZ-T01,Pre-PQ Process,SO-2217,DN-699,Mozambique,PMO - US,From RDC,N/A - From RDC,Air,Pre-PQ Process,N/A - From RDC,21-Apr-08,21-Apr-08,21-Apr-08,ARV,Adult,SCMS from RDC,"Nevirapine 200mg, tablets, 60 Tabs",Nevirapine,Generic,200mg,Tablet,60,3000,10200.0,3.4,0.06,Hetero Unit III Hyderabad IN,Yes,168,1074.95,16.32
2767,108-VN-T01,Pre-PQ Process,SCMS-752,ASN-884,Vietnam,PMO - US,Direct Drop,CIP,Air,Pre-PQ Process,7/3/2007,8-Nov-07,8-Nov-07,8-Nov-07,ARV,Pediatric,BRISTOL-MYERS SQUIBB,"Didanosine 25mg [Videx], chewable tablets, 60 Tabs",Didanosine,Videx,25mg,Chewable/dispersible tablet,60,800,5600.0,7.0,0.12,"BMS Meymac, France",Yes,161,2514.05,8.96
11456,110-ZM-T01,Pre-PQ Process,SO-1072,DN-353,Zambia,PMO - US,From RDC,N/A - From RDC,,Pre-PQ Process,N/A - From RDC,14-Sep-07,14-Sep-07,14-Sep-07,ARV,Pediatric,SCMS from RDC,"Stavudine 1mg/ml, powder for oral solution, 200 ml",Stavudine,Generic,1mg/ml,Oral solution,200,9050,13122.5,1.45,0.01,"Aurobindo Unit III, India",Yes,1084,5181,21.0
9531,106-HT-T01,Pre-PQ Process,SCMS-15520,ASN-1199,Haiti,PMO - US,Direct Drop,EXW,Air,Pre-PQ Process,Date Not Captured,23-Jan-08,23-Jan-08,23-Jan-08,HRDT,HIV test,"Orgenics, Ltd","HIV 1/2, Determine HIV Kit, without Lancets, 100 Tests","HIV 1/2, Determine HIV Kit, without Lancets",Determine,,Test kit,100,1000,70000.0,70.0,0.7,Inverness Japan,Yes,228,4829.61,112.0
12384,109-TZ-T01,Pre-PQ Process,SO-768,DN-239,Tanzania,PMO - US,From RDC,N/A - From RDC,Air,Pre-PQ Process,N/A - From RDC,30-Jul-07,30-Jul-07,30-Jul-07,ARV,Adult,SCMS from RDC,"Nevirapine 200mg, tablets, 60 Tabs",Nevirapine,Generic,200mg,Tablet,60,11807,42150.99,3.57,0.06,"Aurobindo Unit III, India",Yes,1050,3291,67.44
84698,101-CD-T30,FPQ-8840,SO-41135,DN-2497,"Congo, DRC",PMO - US,From RDC,N/A - From RDC,Air,11/21/2011,N/A - From RDC,16-Mar-12,14-Feb-12,14-Feb-12,ARV,Adult,SCMS from RDC,"Abacavir 300mg, tablets, 60 Tabs",Abacavir,Generic,300mg,Tablet,60,9,131.67,14.63,0.24,Mylan (formerly Matrix) Nashik,No,See DN-2497 (ID#:82435),See DN-2497 (ID#:82435),0.18
10975,105-GY-T01,Pre-PQ Process,SO-2464,DN-727,Guyana,PMO - US,From RDC,N/A - From RDC,Air,Pre-PQ Process,N/A - From RDC,9-May-08,9-May-08,9-May-08,ARV,Adult,SCMS from RDC,"Lopinavir/Ritonavir 200/50mg [Aluvia], tablets, 120 Tabs",Lopinavir/Ritonavir,Aluvia,200/50mg,Tablet,120,150,12330.0,82.2,0.68,ABBVIE Ludwigshafen Germany,Yes,34,1608.7,19.73
77782,144-BW-T30,FPQ-4167,SCMS-54180,ASN-7168,Botswana,PMO - US,Direct Drop,EXW,Air,9/9/2009,9/30/2009,30-Jun-10,30-Jun-10,30-Jun-10,HRDT,HIV test - Ancillary,Orasure Technologies Inc.,"#109435**HIV, OraQuick Controls Kit, 3 Vials","HIV, OraQuick Controls Kit, 3 Vials",OraQuick,,Test kit - Ancillary,3,10,250.0,25.0,8.33,"Orasure Technologies, Inc USA",Yes,6,418.94,0.49
46067,109-TZ-T30,FPQ-6795,SCMS-103291,ASN-11005,Tanzania,PMO - US,Direct Drop,FCA,Air,1/27/2011,4/14/2011,14-Jul-11,14-Jul-11,14-Jul-11,ARV,Adult,LAWRENCE LABORATORIES (SUBSIDIARY OF BRISTOL MYERS SQUIBB),"Didanosine EC 400mg [Videx EC], delayed-release capsules, Blister 3 x 10 Caps",Didanosine EC,Videx EC,400mg,Delayed-release capsules - blister,30,18311,433421.37,23.67,0.79,Bristol-Myers Squibb Anagni IT,No,See ASN-11005 (ID#:27881),See ASN-11005 (ID#:27881),715.15
36661,116-ZA-T30,FPQ-13035,SCMS-215370,ASN-24415,South Africa,PMO - US,Direct Drop,DDP,Truck,10/8/2013,12/2/2013,6-Feb-14,6-Feb-14,6-Feb-14,ARV,Pediatric,S. BUYS WHOLESALER,"Abacavir 20mg/ml, oral solution w/syringe, Bottle, 240 ml",Abacavir,Generic,20mg/ml,Oral solution,240,210,5097.32,24.27,0.1,"Aurobindo Unit III, India",No,Weight Captured Separately,Freight Included in Commodity Cost,6.31
83229,107-RW-T30,FPQ-13839,SO-48170,DN-3611,Rwanda,PMO - US,From RDC,N/A - From RDC,Truck,3/5/2014,N/A - From RDC,20-May-14,4-Mar-14,4-Jun-14,ARV,Pediatric,SCMS from RDC,"Nevirapine 10mg/ml, oral suspension w/syringe, Bottle, 240 ml",Nevirapine,Generic,10mg/ml,Oral suspension,240,2216,4121.76,1.86,0.01,"Aurobindo Unit III, India",Yes,1412,4609.68,4.24
86727,111-MZ-T30,FPQ-13165,SO-47590,DN-3934,Mozambique,PMO - US,From RDC,N/A - From RDC,Truck,10/21/2013,N/A - From RDC,31-Oct-14,30-Oct-14,13-Nov-14,ARV,Adult,SCMS from RDC,"Abacavir/Lamivudine 600/300mg, tablets, 30 Tabs",Abacavir/Lamivudine,Generic,600/300mg,Tablet - FDC,30,3793,51281.36,13.52,0.45,"Cipla, Patalganga, India",Yes,383,123.7,52.72
84742,104-CI-T30,FPQ-9749,SO-42350,DN-2806,Côte d'Ivoire,PMO - US,From RDC,N/A - From RDC,Truck,4/19/2012,N/A - From RDC,1-Oct-12,27-Aug-12,27-Aug-12,ARV,Adult,SCMS from RDC,"Abacavir/Lamivudine/Zidovudine 300/150/300mg, tablets, 60 Tabs",Abacavir/Lamivudine/Zidovudine,Generic,300/150/300mg,Tablet - FDC,60,2050,57400.0,28.0,0.47,Mylan (formerly Matrix) Nashik,Yes,312,2128.15,80.47
84931,151-NG-T30,FPQ-13293,SO-47300,DN-3720,Nigeria,PMO - US,From RDC,N/A - From RDC,Air Charter,11/19/2013,N/A - From RDC,30-Jun-14,9-May-14,23-May-14,ARV,Pediatric,SCMS from RDC,"Efavirenz 200mg, scored tablets, 90 Tabs",Efavirenz,Generic,200mg,Tablet,90,10534,97966.2,9.3,0.1,"Strides, Bangalore, India.",Yes,2,45180.62,100.71
10781,104-CI-T01,Pre-PQ Process,SO-27540,DN-1315,Côte d'Ivoire,PMO - US,From RDC,N/A - From RDC,Air,Date Not Captured,N/A - From RDC,14-Jul-09,14-Jul-09,14-Jul-09,ARV,Adult,SCMS from RDC,"Lamivudine/Zidovudine 150/300mg, tablets, 60 Tabs",Lamivudine/Zidovudine,Generic,150/300mg,Tablet - FDC,60,10962,96027.12,8.76,0.15,"Aurobindo Unit III, India",Yes,2634,6111.21,188.21
12413,113-ZW-T01,Pre-PQ Process,SO-891,DN-382,Zimbabwe,PMO - US,From RDC,N/A - From RDC,Truck,Pre-PQ Process,N/A - From RDC,5-Oct-07,5-Oct-07,5-Oct-07,HRDT,HIV test,SCMS from RDC,"HIV 1/2, Bioline 3.0 Kit, Lancets, Capillary pipets, Alcohol swabs included, 25 Tests","HIV 1/2, Bioline 3.0 Kit, Lancets, Capillary pipets, Alcohol swabs included",Bioline,,Test kit,25,2492,49840.0,20.0,0.8,"Standard Diagnostics, Korea",Yes,738,3085.84,79.74
83095,103-ZW-T30,FPQ-9907,SO-42220,DN-2942,Zimbabwe,PMO - US,From RDC,N/A - From RDC,Truck,5/15/2012,N/A - From RDC,14-Dec-12,11-Dec-12,11-Dec-12,ARV,Pediatric,SCMS from RDC,"Lamivudine/Stavudine 30/6mg, dispersible tablets, 60 Tabs",Lamivudine/Stavudine,Generic,30/6mg,Chewable/dispersible tablet - FDC,60,9215,17508.5,1.9,0.03,"Cipla, Goa, India",No,See DN-2942 (ID#:82530),See DN-2942 (ID#:82530),24.55
43390,161-ZA-T30,FPQ-6708,SCMS-93440,ASN-10855,South Africa,PMO - US,Direct Drop,DDP,Air,11/26/2010,12/6/2010,12-Aug-11,12-Aug-11,12-Aug-11,ARV,Pediatric,GLAXOSMITHKLINE EXPORT LIMITED,"Abacavir 20mg/ml [Ziagen], oral solution, Bottle, 240 ml",Abacavir,Ziagen,20mg/ml,Oral solution,240,60000,601200.0,10.02,0.04,GSK Mississauga (Canada),Yes,22956,27372.24,991.98
39967,104-CI-T30,FPQ-12714,SCMS-205000,ASN-21883,Côte d'Ivoire,PMO - US,Direct Drop,EXW,Air,7/30/2013,9/2/2013,7-Oct-13,7-Oct-13,8-Oct-13,ARV,Pediatric,Aurobindo Pharma Limited,"Zidovudine 100mg, capsules, 100 Caps",Zidovudine,Generic,100mg,Capsule,100,670,3015.0,4.5,0.04,"Aurobindo Unit III, India",Yes,76,1921.02,3.73
12878,112-NG-T01,Pre-PQ Process,SO-20962,DN-1182,Nigeria,PMO - US,From RDC,N/A - From RDC,Air,Pre-PQ Process,N/A - From RDC,30-Apr-09,30-Apr-09,30-Apr-09,ARV,Adult,SCMS from RDC,"Nevirapine 200mg, tablets, 60 Tabs",Nevirapine,Generic,200mg,Tablet,60,1067,3414.4,3.2,0.05,Hetero Unit III Hyderabad IN,Yes,60,1981.1,6.69
75202,101-CD-T30,FPQ-14654,SCMS-253260,ASN-28279,"Congo, DRC",PMO - US,Direct Drop,EXW,Air,8/11/2014,8/27/2014,4-Nov-14,4-Nov-14,20-Nov-14,HRDT,HIV test,"Trinity Biotech, Plc","HIV 1/2, Uni-Gold HIV Kit, 20 Tests","HIV 1/2, Uni-Gold HIV Kit",Uni-Gold,,Test kit,20,214,6848.0,32.0,1.6,"Trinity Biotech, Plc",No,See ASN-28279 (ID#:13547),See ASN-28279 (ID#:13547),7.04
10885,104-CI-T01,Pre-PQ Process,SO-999,DN-349,Côte d'Ivoire,PMO - US,From RDC,N/A - From RDC,,Pre-PQ Process,N/A - From RDC,12-Sep-07,12-Sep-07,12-Sep-07,ARV,Adult,SCMS from RDC,"Saquinavir 200mg [Invirase], capsules, 270 Caps",Saquinavir,Invirase,200mg,Capsule,270,16,1258.24,78.64,0.29,Roche Basel,Yes,295,1737,2.01
25930,104-CI-T30,FPQ-6739,SCMS-94620,ASN-10120,Côte d'Ivoire,PMO - US,Direct Drop,EXW,Air,11/19/2010,12/22/2010,28-Mar-11,28-Mar-11,28-Mar-11,HRDT,HIV test,"Orgenics, Ltd","HIV 1/2, Determine HIV Kit, without Lancets, 100 Tests","HIV 1/2, Determine HIV Kit, without Lancets",Determine,,Test kit,100,3293,255866.1,77.7,0.78,Inverness Japan,Yes,747,14934.26,422.18
40214,107-RW-T30,FPQ-13851,SCMS-239030,ASN-28850,Rwanda,PMO - US,Direct Drop,EXW,Ocean,3/10/2014,5/16/2014,19-Dec-14,19-Dec-14,19-Dec-14,ARV,Adult,MYLAN LABORATORIES LTD (FORMERLY MATRIX LABORATORIES),"Atazanavir/Ritonavir 300/100mg, tablets, 30 Tabs",Atazanavir/Ritonavir,Generic,300/100mg,Tablet,30,28869,577380.0,20.0,0.67,Mylan (formerly Matrix) Nashik,Yes,3865,5678.36,593.55
11592,114-UG-T01,Pre-PQ Process,SO-17430,DN-968,Uganda,PMO - US,From RDC,N/A - From RDC,Air,Pre-PQ Process,N/A - From RDC,9-Dec-08,9-Dec-08,9-Dec-08,ARV,Adult,SCMS from RDC,"Lamivudine/Nevirapine/Zidovudine 150/200/300mg, tablets, 60 Tabs",Lamivudine/Nevirapine/Zidovudine,Generic,150/300/200mg,Tablet - FDC,60,4704,55507.2,11.8,0.2,"Aurobindo Unit III, India",No,See DN-968 (ID#:11289),See DN-968 (ID#:11289),108.79
1971,102-GY-T01,Pre-PQ Process,SCMS-27680,ASN-2910,Guyana,PMO - US,Direct Drop,EXW,Air,Pre-PQ Process,7/28/2008,15-Dec-08,15-Dec-08,15-Dec-08,MRDT,Malaria,ZEPHYR BIOMEDICALS,"Malaria Paramax-3 Kit, 25 Tests",Malaria Paramax-3 Kit,Paramax,,Test kit,25,108,4050.0,37.5,1.5,Not Applicable,Yes,34,648.27,7.94
2632,105-GY-T01,Pre-PQ Process,SCMS-48690,ASN-4600,Guyana,PMO - US,Direct Drop,CIP,Air,Pre-PQ Process,7/15/2009,7-Aug-09,7-Aug-09,7-Aug-09,ARV,Adult,ABBOTT LABORATORIES (PUERTO RICO),"Lopinavir/Ritonavir 200/50mg [Aluvia], tablets, 120 Tabs",Lopinavir/Ritonavir,Aluvia,200/50mg,Tablet,120,2733,224625.27,82.19,0.68,ABBVIE Ludwigshafen Germany,Yes,589,314,440.27
49436,116-ZA-T30,FPQ-11828,SCMS-183950,ASN-19166,South Africa,South Africa Field Office,Direct Drop,DDP,Truck,3/18/2013,Date Not Captured,16-Apr-13,16-Apr-13,16-Apr-13,ARV,Pediatric,S. BUYS WHOLESALER,"Abacavir 20mg/ml [Ziagen], oral solution, Bottle, 240 ml",Abacavir,Ziagen,20mg/ml,Oral solution,240,42,870.41,20.72,0.09,GSK Mississauga (Canada),No,Weight Captured Separately,Freight Included in Commodity Cost,1.08
84373,111-MZ-T30,FPQ-13123,SO-47092,DN-3752,Mozambique,PMO - US,From RDC,N/A - From RDC,Truck,10/21/2013,N/A - From RDC,31-Jul-14,25-Jul-14,5-Sep-14,ARV,Adult,SCMS from RDC,"Lamivudine/Stavudine 150/30mg, tablets, 60 Tabs",Lamivudine/Stavudine,Generic,150/30mg,Tablet - FDC,60,24768,61672.32,2.49,0.04,Hetero Unit III Hyderabad IN,Yes,20019,11701.65,63.4
84687,151-NG-T30,FPQ-8364,SO-40661,DN-2465,Nigeria,PMO - US,From RDC,N/A - From RDC,Air Charter,8/29/2011,N/A - From RDC,16-Mar-12,18-Dec-11,18-Dec-11,ARV,Adult,SCMS from RDC,"Lamivudine/Nevirapine/Zidovudine 150/200/300mg, tablets, 60 Tabs",Lamivudine/Nevirapine/Zidovudine,Generic,150/300/200mg,Tablet - FDC,60,45042,505371.24,11.22,0.19,"Aurobindo Unit III, India",No,See DN-2465 (ID#:82426),See DN-2465 (ID#:82426),833.86
85167,106-HT-T30,FPQ-6484,SO-37760,DN-2073,Haiti,PMO - US,From RDC,N/A - From RDC,Air,10/13/2010,N/A - From RDC,20-Dec-10,5-Jan-11,5-Jan-11,ARV,Pediatric,SCMS from RDC,"Lamivudine 10mg/ml, oral solution w/syringe, Bottle, 240 ml",Lamivudine,Generic,10mg/ml,Oral solution,240,4810,8898.5,1.85,0.01,"Aurobindo Unit III, India",No,See DN-2073 (ID#:82362),See DN-2073 (ID#:82362),19.19
14803,107-RW-T30,FPQ-13651,SCMS-227720,ASN-25269,Rwanda,PMO - US,Direct Drop,EXW,Air,2/5/2014,2/28/2014,6-May-14,6-May-14,15-May-14,ARV,Pediatric,Aurobindo Pharma Limited,"Nevirapine 10mg/ml, oral suspension w/syringe, Bottle, 240 ml",Nevirapine,Generic,10mg/ml,Oral suspension,240,9720,14677.2,1.51,0.01,"Aurobindo Unit III, India",Yes,4365,Freight Included in Commodity Cost,15.09
3551,102-GY-T01,Pre-PQ Process,SCMS-35560,ASN-3481,Guyana,PMO - US,Direct Drop,EXW,Air,Pre-PQ Process,12/10/2008,17-Mar-09,13-Mar-09,13-Mar-09,HRDT,HIV test,"Trinity Biotech, Plc","HIV 1/2, Uni-Gold HIV Kit, 20 Tests","HIV 1/2, Uni-Gold HIV Kit",Uni-Gold,,Test kit,20,1062,33984.0,32.0,1.6,"Trinity Biotech, Plc",Yes,355,4457.29,66.61
21557,103-ZW-T30,FPQ-9905,SCMS-149110,ASN-18802,Zimbabwe,PMO - US,Direct Drop,FCA,Air,5/29/2012,7/18/2012,25-Apr-13,25-Apr-13,25-Apr-13,ARV,Pediatric,ABBVIE LOGISTICS (FORMERLY ABBOTT LOGISTICS BV),"Lopinavir/Ritonavir 80/20mg/ml [Kaletra], oral solution, cool, Bottle 5 x 60 ml",Lopinavir/Ritonavir,Kaletra,80/20mg/ml,Oral solution,300,846,26073.72,30.82,0.1,ABBVIE (Abbott) Logis. UK,Yes,798,9299.26,36.56
84944,113-ZW-T30,FPQ-13508,SO-47530,DN-3780,Zimbabwe,PMO - US,From RDC,N/A - From RDC,Truck,12/24/2013,N/A - From RDC,30-Jul-14,11-Jul-14,4-Aug-14,ARV,Adult,SCMS from RDC,"Nevirapine 200mg, tablets, 60 Tabs",Nevirapine,Generic,200mg,Tablet,60,44716,101058.16,2.26,0.04,Hetero Unit III Hyderabad IN,Yes,5925,13770.65,103.89
12620,111-MZ-T01,Pre-PQ Process,SO-15520,DN-1549,Mozambique,PMO - US,From RDC,N/A - From RDC,Air,Date Not Captured,N/A - From RDC,6-Jan-10,6-Jan-10,6-Jan-10,ARV,Adult,SCMS from RDC,"Stavudine 30mg, capsules, 60 Caps",Stavudine,Generic,30mg,Capsule,60,735,1073.1,1.46,0.02,"Aurobindo Unit III, India",Yes,47,955.36,2.31
33359,114-UG-T30,FPQ-14325,SCMS-250220,ASN-29067,Uganda,PMO - US,Direct Drop,CIP,Air,5/26/2014,8/25/2014,1-Nov-14,1-Nov-14,2-Nov-14,ARV,Adult,JANSSEN SCIENCES IRELAND UC (FORMERLY JANSSEN R&D IRELAND),"Etravirine 100mg [Intelence], tablets, 120 Tabs",Etravirine,Intelence,100mg,Tablet,120,501,18036.0,36.0,0.3,"Janssen-Cilag, Latina, IT",Yes,151,297.25,18.54
83735,114-UG-T30,FPQ-13094,SO-46830,DN-3402,Uganda,PMO - US,From RDC,N/A - From RDC,Truck,10/11/2013,N/A - From RDC,16-Dec-13,20-Dec-13,17-Jan-14,ARV,Pediatric,SCMS from RDC,"Lamivudine/Nevirapine/Zidovudine 30/50/60mg, dispersible tablets, 60 Tabs",Lamivudine/Nevirapine/Zidovudine,Generic,30/50/60mg,Chewable/dispersible tablet - FDC,60,4637,18037.93,3.89,0.06,Mylan (formerly Matrix) Nashik,Yes,426,1761.5,18.54
85104,151-NG-T30,FPQ-4537,SO-34916,DN-1779,Nigeria,PMO - US,From RDC,N/A - From RDC,Air Charter,11/6/2009,N/A - From RDC,31-May-10,18-May-10,18-May-10,ARV,Adult,SCMS from RDC,"Efavirenz 600mg, tablets, 30 Tabs",Efavirenz,Generic,600mg,Tablet,30,3500,16625.0,4.75,0.16,"Aurobindo Unit III, India",Yes,309,9736.1,35.84
12849,113-ZW-T01,Pre-PQ Process,SO-18100,DN-1115,Zimbabwe,PMO - US,From RDC,N/A - From RDC,Truck,Pre-PQ Process,N/A - From RDC,6-Apr-09,6-Apr-09,6-Apr-09,ARV,Adult,SCMS from RDC,"Lamivudine/Stavudine 150/30mg, tablets, 30 Tabs",Lamivudine/Stavudine,Generic,150/30mg,Tablet - FDC,30,8000,16000.0,2.0,0.07,"Cipla, Goa, India",No,See DN-1115 (ID#:11008),See DN-1115 (ID#:11008),31.36
82284,106-HT-T30,FPQ-4469,SO-35170,DN-1605,Haiti,PMO - US,From RDC,N/A - From RDC,Air,9/23/2009,N/A - From RDC,11-Jan-10,8-Jan-10,8-Jan-10,ARV,Pediatric,SCMS from RDC,"Zidovudine 10mg/ml, oral solution, Bottle, 240 ml",Zidovudine,Generic,10mg/ml,Oral solution,240,3648,7368.96,2.02,0.01,"Aurobindo Unit III, India",Yes,2571,26830.44,15.89
85382,110-ZM-T30,FPQ-12066,SO-45061,DN-3258,Zambia,PMO - US,From RDC,N/A - From RDC,Truck,4/19/2013,N/A - From RDC,6-Sep-13,30-Jul-13,30-Jul-13,ARV,Adult,SCMS from RDC,"Abacavir 300mg, tablets, 60 Tabs",Abacavir,Generic,300mg,Tablet,60,5410,70113.6,12.96,0.22,"Aurobindo Unit III, India",No,See DN-3258 (ID#:83706),See DN-3258 (ID#:83706),86.73
12077,104-CI-T01,Pre-PQ Process,SO-774,DN-242,Côte d'Ivoire,PMO - US,From RDC,N/A - From RDC,Air,Pre-PQ Process,N/A - From RDC,21-Aug-07,21-Aug-07,21-Aug-07,ARV,Adult,SCMS from RDC,"Stavudine 15mg, capsules, 60 Caps",Stavudine,Generic,15mg,Capsule,60,1161,2496.15,2.15,0.04,"Aurobindo Unit III, India",Yes,399,4200.78,3.99
86408,114-UG-T30,FPQ-7267,SO-39070,DN-2333,Uganda,PMO - US,From RDC,N/A - From RDC,Truck,3/4/2011,N/A - From RDC,20-Sep-11,6-Sep-11,6-Sep-11,ARV,Adult,SCMS from RDC,"Efavirenz/Emtricitabine/Tenofovir Disoproxil Fumarate 600/200/300mg, tablets, 30 Tabs",Efavirenz/Emtricitabine/Tenofovir Disoproxil Fumarate,Generic,600/200/300mg,Tablet - FDC,30,3360,66931.2,19.92,0.66,Mylan (formerly Matrix) Nashik,Yes,617,2886.92,110.44
10832,111-MZ-T01,Pre-PQ Process,SO-576,DN-148,Mozambique,PMO - US,From RDC,N/A - From RDC,Air,Pre-PQ Process,N/A - From RDC,13-Jun-07,13-Jun-07,13-Jun-07,ARV,Adult,SCMS from RDC,"Abacavir 300mg, tablets, 60 Tabs",Abacavir,Generic,300mg,Tablet,60,570,20235.0,35.5,0.59,"Aurobindo Unit III, India",No,See DN-148 (ID#:10564),See DN-148 (ID#:10564),
86805,103-ZW-T30,FPQ-15197,SO-50010,DN-4243,Zimbabwe,PMO - US,From RDC,N/A - From RDC,Truck,10/16/2014,N/A - From RDC,30-Apr-15,30-Apr-15,30-Apr-15,ARV,Pediatric,SCMS from RDC,"Lamivudine/Nevirapine/Zidovudine 30/50/60mg, dispersible tablets, 60 Tabs",Lamivudine/Nevirapine/Zidovudine,Generic,30/50/60mg,Chewable/dispersible tablet - FDC,60,46752,168307.2,3.6,0.06,"Cipla, Goa, India",No,See DN-4243 (ID#:83907),See DN-4243 (ID#:83907),198.1
85940,113-ZW-T30,FPQ-10632,SO-43210,DN-3030,Zimbabwe,PMO - US,From RDC,N/A - From RDC,Truck,9/11/2012,N/A - From RDC,14-Mar-13,14-Mar-13,14-Mar-13,ARV,Adult,SCMS from RDC,"Nevirapine 200mg, tablets, 60 Tabs",Nevirapine,Generic,200mg,Tablet,60,60096,135816.96,2.26,0.04,"Aurobindo Unit III, India",No,See DN-3030 (ID#:82549),See DN-3030 (ID#:82549),190.42
83190,151-NG-T30,FPQ-12248,SO-47223,DN-3438,Nigeria,PMO - US,From RDC,N/A - From RDC,Air Charter,5/6/2013,N/A - From RDC,18-Nov-13,26-Nov-13,5-Dec-13,ARV,Adult,SCMS from RDC,"Efavirenz/Lamivudine/Tenofovir Disoproxil Fumarate 600/300/300mg, tablets, 30 Tabs",Efavirenz/Lamivudine/Tenofovir Disoproxil Fumarate,Generic,600/300/300mg,Tablet - FDC,30,200000,2230000.0,11.15,0.37,Hetero Unit III Hyderabad IN,Yes,28992,26340,2758.51
84062,110-ZM-T30,FPQ-6221,SO-38110,DN-2118,Zambia,PMO - US,From RDC,N/A - From RDC,Truck,8/20/2010,N/A - From RDC,10-Mar-11,25-Feb-11,25-Feb-11,ARV,Adult,SCMS from RDC,"Emtricitabine/Tenofovir Disoproxil Fumarate 200/300mg, tablets, 30 Tabs",Emtricitabine/Tenofovir Disoproxil Fumarate,Generic,200/300mg,Tablet - FDC,30,129998,1419578.16,10.92,0.36,Mylan (formerly Matrix) Nashik,Yes,11115,16482.05,3060.61
84251,102-BI-T30,FPQ-11661,SO-44660,DN-3129,Burundi,PMO - US,From RDC,N/A - From RDC,Air,2/20/2013,N/A - From RDC,30-Jun-13,9-May-13,9-May-13,ARV,Adult,SCMS from RDC,"Emtricitabine/Tenofovir Disoproxil Fumarate 200/300mg, tablets, 30 Tabs",Emtricitabine/Tenofovir Disoproxil Fumarate,Generic,200/300mg,Tablet - FDC,30,1080,6555.6,6.07,0.2,Mylan (formerly Matrix) Nashik,No,See DN-3129 (ID#:83135),See DN-3129 (ID#:83135),8.11
86585,111-MZ-T30,FPQ-11033,SO-43774,DN-3230,Mozambique,PMO - US,From RDC,N/A - From RDC,Truck,11/12/2012,N/A - From RDC,1-Aug-13,1-Aug-13,1-Aug-13,ARV,Adult,SCMS from RDC,"Efavirenz/Lamivudine/Tenofovir Disoproxil Fumarate 600/300/300mg, tablets, 30 Tabs",Efavirenz/Lamivudine/Tenofovir Disoproxil Fumarate,Generic,600/300/300mg,Tablet - FDC,30,1000,10520.0,10.52,0.35,Mylan (formerly Matrix) Nashik,No,See DN-3230 (ID#:86584),See DN-3230 (ID#:86584),13.01
10566,112-NG-T01,Pre-PQ Process,SO-557,DN-172,Nigeria,PMO - US,From RDC,N/A - From RDC,,Pre-PQ Process,N/A - From RDC,26-Jun-07,26-Jun-07,26-Jun-07,ARV,Adult,SCMS from RDC,"Lamivudine 150mg, tablets, 60 Tabs",Lamivudine,Generic,150mg,Tablet,60,880,2912.8,3.31,0.06,"Ranbaxy, Paonta Shahib, India",Yes,226,1732,
10567,104-CI-T01,Pre-PQ Process,SO-556,DN-159,Côte d'Ivoire,PMO - US,From RDC,N/A - From RDC,,Pre-PQ Process,N/A - From RDC,4-Jun-07,4-Jun-07,4-Jun-07,ARV,Adult,SCMS from RDC,"Stavudine 15mg, capsules, 60 Caps",Stavudine,Generic,15mg,Capsule,60,875,1881.25,2.15,0.04,"Aurobindo Unit III, India",Yes,58,727,
24366,117-ET-T30,FPQ-9098,SCMS-133590,ASN-14914,Ethiopia,PMO - US,Direct Drop,EXW,Air,1/10/2012,1/23/2012,18-May-12,18-May-12,18-May-12,HRDT,HIV test,"SHANGHAI KEHUA BIOENGINEERING CO.,LTD.  (KHB)","HIV 1/2, SKB Colloidal Gold, Diagnostic Kit, Antibody, 50 Tests","HIV 1/2, Colloidal Gold, Diagnostic Kit, Antibody",Colloidal Gold,,Test kit,1,1362,33369.0,24.5,24.5,"KHB Test Kit Facility, Shanghai China",Yes,970,9718.85,46.78
83997,151-NG-T30,FPQ-4537,SO-35090,DN-1784,Nigeria,PMO - US,From RDC,N/A - From RDC,Air Charter,11/6/2009,N/A - From RDC,31-May-10,18-May-10,18-May-10,ARV,Adult,SCMS from RDC,"Zidovudine 300mg, tablets, 60 Tabs",Zidovudine,Generic,300mg,Tablet,60,9924,74430.0,7.5,0.12,"Aurobindo Unit III, India",Yes,544,9736.1,160.47
41399,106-HT-T30,FPQ-14895,SCMS-261050,ASN-30327,Haiti,PMO - US,Direct Drop,EXW,Air,9/24/2014,11/14/2014,24-Feb-15,24-Feb-15,24-Feb-15,ARV,Adult,HETERO LABS LIMITED,"Tenofovir Disoproxil Fumarate 300mg, tablets, 30 Tabs",Tenofovir Disoproxil Fumarate,Generic,300mg,Tablet,30,384,1363.2,3.55,0.12,Hetero Unit III Hyderabad IN,Yes,42,2391.08,1.4
83047,111-MZ-T30,FPQ-9506,SO-41761,DN-2704,Mozambique,PMO - US,From RDC,N/A - From RDC,Truck,3/16/2012,N/A - From RDC,31-Jul-12,28-Jun-12,28-Jun-12,ARV,Pediatric,SCMS from RDC,"Nevirapine 10mg/ml, oral suspension w/syringe, Bottle, 240 ml",Nevirapine,Generic,10mg/ml,Oral suspension,240,60968,118887.6,1.95,0.01,"Aurobindo Unit III, India",Yes,Weight Captured Separately,Invoiced Separately,166.68
11859,110-ZM-T01,Pre-PQ Process,SO-2549,DN-823,Zambia,PMO - US,From RDC,N/A - From RDC,Truck,Pre-PQ Process,N/A - From RDC,23-Jul-08,23-Jul-08,23-Jul-08,ARV,Adult,SCMS from RDC,"Lamivudine/Nevirapine/Stavudine 150/200/30mg, tablets, 60 Tabs",Lamivudine/Nevirapine/Stavudine,Generic,150/200/30mg,Tablet - FDC,60,50000,360000.0,7.2,0.12,"Strides, Bangalore, India.",No,See DN-823 (ID#:11271),See DN-823 (ID#:11271),576.0
80864,110-ZM-T30,FPQ-14130,SCMS-239730,ASN-30242,Zambia,PMO - US,Direct Drop,EXW,Air,4/22/2014,5/19/2014,5-May-15,5-May-15,14-May-15,HRDT,HIV test,"Orgenics, Ltd","HIV 1/2, Determine Complete HIV Kit, 100 Tests","HIV 1/2, Determine Complete HIV Kit",Determine,,Test kit,100,6137,490960.0,80.0,0.8,"Alere Medical Co., Ltd.",Yes,2492,32728.96,504.71
11833,114-UG-T01,Pre-PQ Process,SO-1302,DN-489,Uganda,PMO - US,From RDC,N/A - From RDC,Air,Pre-PQ Process,N/A - From RDC,15-Jan-08,15-Jan-08,15-Jan-08,ARV,Adult,SCMS from RDC,"Lopinavir/Ritonavir 200/50mg [Aluvia], tablets, 120 Tabs",Lopinavir/Ritonavir,Aluvia,200/50mg,Tablet,120,180,7398.0,41.1,0.34,ABBVIE Ludwigshafen Germany,No,See DN-489 (ID#:11516),See DN-489 (ID#:11516),11.84
33403,116-ZA-T30,FPQ-3560,SCMS-49631,ASN-5446,South Africa,PMO - US,Direct Drop,DDP,Truck,5/7/2009,7/21/2009,14-Sep-09,30-Sep-09,30-Sep-09,ARV,Adult,S. BUYS WHOLESALER,"Efavirenz 600mg, tablets, 30 Tabs",Efavirenz,Generic,600mg,Tablet,30,6387,121664.04,19.05,0.64,"Cipla, Goa, India",Yes,Weight Captured Separately,Freight Included in Commodity Cost,238.46
10777,110-ZM-T01,Pre-PQ Process,SO-24960,DN-1284,Zambia,PMO - US,From RDC,N/A - From RDC,Air,Pre-PQ Process,N/A - From RDC,12-Jun-09,12-Jun-09,12-Jun-09,ARV,Adult,SCMS from RDC,"Zidovudine 300mg, tablets, 60 Tabs",Zidovudine,Generic,300mg,Tablet,60,6000,46260.0,7.71,0.13,"Aurobindo Unit III, India",Yes,341,2219.27,90.67
2451,116-ZA-T01,Pre-PQ Process,SCMS-41584,ASN-4385,South Africa,PMO - US,Direct Drop,DDP,Air,Pre-PQ Process,3/27/2009,25-Jun-09,20-Apr-09,20-Apr-09,ARV,Pediatric,S. BUYS WHOLESALER,"Didanosine 50mg [Videx], chewable tablets, 60 Tabs",Didanosine,Videx,50mg,Chewable/dispersible tablet,60,1500,15150.0,10.1,0.17,"BMS Meymac, France",No,Weight Captured Separately,Freight Included in Commodity Cost,29.69
14571,133-NG-T30,FPQ-10349,SCMS-155321,ASN-17168,Nigeria,PMO - US,Direct Drop,EXW,Air,7/17/2012,8/13/2012,28-Nov-12,27-Nov-12,27-Nov-12,HRDT,HIV test,"Orgenics, Ltd","HIV 1/2, Determine Complete HIV Kit, 100 Tests","HIV 1/2, Determine Complete HIV Kit",Determine,,Test kit,100,2744,244216.0,89.0,0.89,"Alere Medical Co., Ltd.",Yes,1303,28734.43,342.39
79618,104-CI-T30,FPQ-11294,SCMS-173130,ASN-19138,Côte d'Ivoire,PMO - US,Direct Drop,EXW,Air,12/14/2012,1/15/2013,26-Apr-13,26-Apr-13,26-Apr-13,HRDT,HIV test,"Orgenics, Ltd","HIV 1/2, Determine Complete HIV Kit, 100 Tests","HIV 1/2, Determine Complete HIV Kit",Determine,,Test kit,100,2943,235440.0,80.0,0.8,"Alere Medical Co., Ltd.",Yes,1280,23270.25,291.24
84233,106-HT-T30,FPQ-11281,SO-44400,DN-3015,Haiti,PMO - US,From RDC,N/A - From RDC,Air,1/16/2013,N/A - From RDC,9-Apr-13,14-Mar-13,14-Mar-13,ARV,Adult,SCMS from RDC,"Stavudine 15mg, capsules, 60 Caps",Stavudine,Generic,15mg,Capsule,60,216,285.12,1.32,0.02,"Aurobindo Unit III, India",No,See DN-3015 (ID#:82554),See DN-3015 (ID#:82554),0.35
62024,108-VN-T30,FPQ-15692,SCMS-274360,ASN-32780,Vietnam,PMO - US,Direct Drop,EXW,Air,1/28/2015,2/17/2015,30-Jul-15,30-Jul-15,30-Jul-15,ARV,Adult,MYLAN LABORATORIES LTD (FORMERLY MATRIX LABORATORIES),"Lamivudine/Nevirapine/Zidovudine 150/200/300mg, tablets, 60 Tabs",Lamivudine/Nevirapine/Zidovudine,Generic,150/300/200mg,Tablet - FDC,60,17584,142430.4,8.1,0.13,Mylan (formerly Matrix) Nashik,Yes,2446,4559.25,167.64
48826,111-MZ-T30,FPQ-4740,SCMS-62341,ASN-7342,Mozambique,PMO - US,Direct Drop,CIP,Air,12/23/2009,1/29/2010,23-Jun-10,23-Jun-10,23-Jun-10,ARV,Adult,INTERNATIONAL HEALTHCARE DISTRIBUTORS,"Ritonavir 100mg [Norvir], capsules, cool, 84 Caps",Ritonavir,Norvir,100mg,Capsule,84,320,3312.0,10.35,0.12,ABBVIE (Abbott) Logis. UK,Yes,Weight Captured Separately,Freight Included in Commodity Cost,7.14
83162,104-CI-T30,FPQ-11253,SO-44201,DN-3329,Côte d'Ivoire,PMO - US,From RDC,N/A - From RDC,Truck,12/14/2012,N/A - From RDC,30-Sep-13,20-Sep-13,20-Sep-13,ARV,Adult,SCMS from RDC,"Lamivudine/Zidovudine 150/300mg, tablets, 60 Tabs",Lamivudine/Zidovudine,Generic,150/300mg,Tablet - FDC,60,3922,28512.94,7.27,0.12,Hetero Unit III Hyderabad IN,No,See DN-3329 (ID#:82602),See DN-3329 (ID#:82602),35.27
23904,108-VN-T30,FPQ-4266,SCMS-56250,ASN-6253,Vietnam,PMO - US,Direct Drop,EXW,Air,10/20/2009,11/2/2009,20-Mar-10,20-Mar-10,20-Mar-10,ARV,Adult,MYLAN LABORATORIES LTD (FORMERLY MATRIX LABORATORIES),"Zidovudine 300mg, tablets, 60 Tabs",Zidovudine,Generic,300mg,Tablet,60,168,1260.0,7.5,0.12,Mylan (formerly Matrix) Nashik,Yes,9,4138.11,2.47
52488,133-NG-T30,FPQ-14305,SCMS-240830,ASN-27469,Nigeria,PMO - US,Direct Drop,EXW,Air,5/16/2014,6/2/2014,19-Aug-14,9-Sep-14,29-Sep-14,HRDT,HIV test,"Orgenics, Ltd","HIV 1/2, Determine Complete HIV Kit, 100 Tests","HIV 1/2, Determine Complete HIV Kit",Determine,,Test kit,100,3154,280706.0,89.0,0.89,"Alere Medical Co., Ltd.",Yes,1279,19112.91,288.57
32959,144-BW-T30,FPQ-4167,SCMS-54200,ASN-7797,Botswana,PMO - US,Direct Drop,EXW,Air,9/9/2009,9/30/2009,31-Aug-10,31-Aug-10,31-Aug-10,HRDT,HIV test - Ancillary,Orasure Technologies Inc.,"#109435**HIV, OraQuick Controls Kit, 3 Vials","HIV, OraQuick Controls Kit, 3 Vials",OraQuick,,Test kit - Ancillary,3,10,250.0,25.0,8.33,"Orasure Technologies, Inc USA",Yes,6,418.94,0.49
56495,133-NG-T30,FPQ-7553,SCMS-108700,ASN-12000,Nigeria,PMO - US,Direct Drop,EXW,Air,4/28/2011,5/18/2011,12-Sep-11,12-Sep-11,12-Sep-11,HRDT,HIV test,"Trinity Biotech, Plc","HIV 1/2, Uni-Gold HIV Kit, 20 Tests","HIV 1/2, Uni-Gold HIV Kit",Uni-Gold,,Test kit,20,5791,185312.0,32.0,1.6,"Trinity Biotech, Plc",Yes,1918,24147.39,305.76
85264,110-ZM-T30,FPQ-8759,SO-41120,DN-2679,Zambia,PMO - US,From RDC,N/A - From RDC,Truck,11/6/2011,N/A - From RDC,15-Jun-12,18-Jun-12,18-Jun-12,ARV,Adult,SCMS from RDC,"Abacavir 300mg, tablets, 60 Tabs",Abacavir,Generic,300mg,Tablet,60,7452,97993.8,13.15,0.22,"Aurobindo Unit III, India",Yes,737,4496.13,137.39
36679,116-ZA-T30,FPQ-12522,SCMS-199289,ASN-28033,South Africa,PMO - US,Direct Drop,DDP,Truck,7/11/2013,8/29/2014,29-Aug-14,29-Aug-14,29-Aug-14,ARV,Pediatric,S. BUYS WHOLESALER,"Lamivudine 10mg/ml, oral solution w/syringe, Bottle, 240 ml",Lamivudine,Generic,10mg/ml,Oral solution,240,28,220.91,7.89,0.03,"Aurobindo Unit III, India",No,Weight Captured Separately,Freight Included in Commodity Cost,0.27
44105,106-HT-T30,FPQ-15038,SCMS-262890,ASN-32676,Haiti,PMO - US,Direct Drop,FCA,Air,10/22/2014,1/30/2015,7-Jul-15,7-Jul-15,7-Jul-15,ARV,Adult,ABBVIE LOGISTICS (FORMERLY ABBOTT LOGISTICS BV),"Ritonavir 100mg [Norvir], film coated tablets, 60 Tabs",Ritonavir,Norvir,100mg,Tablet,60,350,2397.5,6.85,0.11,ABBVIE Ludwigshafen Germany,Yes,51,4126.9,2.46
12612,111-MZ-T01,Pre-PQ Process,SO-26421,DN-1413,Mozambique,PMO - US,From RDC,N/A - From RDC,Air,Date Not Captured,N/A - From RDC,27-Aug-09,27-Aug-09,27-Aug-09,ARV,Adult,SCMS from RDC,"Lamivudine/Nevirapine/Stavudine 150/200/30mg, tablets, 60 Tabs",Lamivudine/Nevirapine/Stavudine,Generic,150/200/30mg,Tablet - FDC,60,98396,700579.52,7.12,0.12,"Strides, Bangalore, India.",Yes,7426,2400.25,1373.14
84054,104-CI-T30,FPQ-5623,SO-36870,DN-2060,Côte d'Ivoire,PMO - US,From RDC,N/A - From RDC,Air,5/7/2010,N/A - From RDC,30-Nov-10,22-Dec-10,22-Dec-10,ARV,Adult,SCMS from RDC,"Nevirapine 200mg, tablets, 60 Tabs",Nevirapine,Generic,200mg,Tablet,60,19767,52580.22,2.66,0.04,Hetero Unit III Hyderabad IN,No,See DN-2060 (ID#:82927),See DN-2060 (ID#:82927),113.36
85080,114-UG-T30,FPQ-4495,SO-34960,DN-1596,Uganda,PMO - US,From RDC,N/A - From RDC,Air,10/28/2009,N/A - From RDC,15-Feb-10,15-Jan-10,15-Jan-10,ARV,Adult,SCMS from RDC,"Lamivudine/Tenofovir Disoproxil Fumarate 300/300mg, tablets, 30 Tabs",Lamivudine/Tenofovir Disoproxil Fumarate,Generic,300/300mg,Tablet - FDC,30,2000,20000.0,10.0,0.33,Mylan (formerly Matrix) Nashik,Yes,168,2990.92,43.12
4258,116-ZA-T01,Pre-PQ Process,SCMS-16600,ASN-1520,South Africa,PMO - US,Direct Drop,DDP,,Pre-PQ Process,1/4/2008,21-Jan-08,4-Jan-08,4-Jan-08,ARV,Adult,"JSI R&T INSTITUTE, INC.","Zidovudine 300mg [Retrovir], tablets, 60 Tabs",Zidovudine,Retrovir,300mg,Tablet,60,800,13960.0,17.45,0.29,GSK Aranda,No,Weight Captured Separately,Freight Included in Commodity Cost,22.34
84444,151-NG-T30,FPQ-14156,SO-48893,DN-4098,Nigeria,PMO - US,From RDC,N/A - From RDC,Air Charter,4/25/2014,N/A - From RDC,30-Jan-15,14-Jan-15,20-Jan-15,ARV,Adult,SCMS from RDC,"Lamivudine/Nevirapine/Zidovudine 150/200/300mg, tablets, 60 Tabs",Lamivudine/Nevirapine/Zidovudine,Generic,150/300/200mg,Tablet - FDC,60,1,7.72,7.72,0.13,"Cipla, Goa, India",No,See DN-4098 (ID#:84443),See DN-4098 (ID#:84443),0.01
12547,114-UG-T01,Pre-PQ Process,SO-17754,DN-1125,Uganda,PMO - US,From RDC,N/A - From RDC,Air,Pre-PQ Process,N/A - From RDC,8-Apr-09,8-Apr-09,8-Apr-09,ARV,Adult,SCMS from RDC,"Emtricitabine/Tenofovir Disoproxil Fumarate 200/300mg [Truvada], tablets, 30 Tabs",Emtricitabine/Tenofovir Disoproxil Fumarate,Truvada,300/200mg,Tablet - FDC,30,328,8610.0,26.25,0.88,"Aspen-OSD, Port Elizabeth, SA",No,See DN-1125 (ID#:11298),See DN-1125 (ID#:11298),16.88
4593,110-ZM-T01,Pre-PQ Process,SCMS-27010,ASN-2448,Zambia,PMO - US,Direct Drop,EXW,Air,Pre-PQ Process,8/21/2008,22-Sep-08,22-Sep-08,22-Sep-08,HRDT,HIV test,"Orgenics, Ltd","HIV 1/2, Determine HIV Kit, without Lancets, 100 Tests","HIV 1/2, Determine HIV Kit, without Lancets",Determine,,Test kit,100,3000,215970.0,71.99,0.72,Inverness Japan,No,See ASN-2448 (ID#:1939),See ASN-2448 (ID#:1939),345.55
85827,106-HT-T30,FPQ-9056,SO-41300,DN-2535,Haiti,PMO - US,From RDC,N/A - From RDC,Air,12/20/2011,N/A - From RDC,2-Mar-12,12-Mar-12,12-Mar-12,ARV,Pediatric,SCMS from RDC,"Efavirenz 50mg, capsule, 30 Caps",Efavirenz,Generic,50mg,Capsule,30,1680,3763.2,2.24,0.07,"Aurobindo Unit III, India",No,See DN-2535 (ID#:83011),See DN-2535 (ID#:83011),5.28
12481,109-TZ-T01,Pre-PQ Process,SO-2560,DN-826,Tanzania,PMO - US,From RDC,N/A - From RDC,Air,Pre-PQ Process,N/A - From RDC,29-Jul-08,29-Jul-08,29-Jul-08,ARV,Adult,SCMS from RDC,"Lamivudine/Zidovudine 150/300mg, tablets, 60 Tabs",Lamivudine/Zidovudine,Generic,150/300mg,Tablet - FDC,60,122590,1158475.5,9.45,0.16,"Aurobindo Unit III, India",No,See DN-826 (ID#:10674),See DN-826 (ID#:10674),1853.56
12846,100-PK-T01,Pre-PQ Process,SO-22440,DN-1147,Pakistan,PMO - US,From RDC,N/A - From RDC,Air,Pre-PQ Process,N/A - From RDC,1-Apr-09,1-Apr-09,1-Apr-09,HRDT,HIV test,SCMS from RDC,"HIV 1/2, Bioline 3.0 Kit, Lancets, Capillary pipets, Alcohol swabs included, 25 Tests","HIV 1/2, Bioline 3.0 Kit, Lancets, Capillary pipets, Alcohol swabs included",Bioline,,Test kit,25,12,240.0,20.0,0.8,"Standard Diagnostics, Korea",No,See DN-1147 (ID#:11610),See DN-1147 (ID#:11610),0.47
12219,114-UG-T01,Pre-PQ Process,SO-17750,DN-1083,Uganda,PMO - US,From RDC,N/A - From RDC,Air,Pre-PQ Process,N/A - From RDC,3-Mar-09,3-Mar-09,3-Mar-09,ARV,Adult,SCMS from RDC,"Emtricitabine/Tenofovir Disoproxil Fumarate 200/300mg [Truvada], tablets, 30 Tabs",Emtricitabine/Tenofovir Disoproxil Fumarate,Truvada,300/200mg,Tablet - FDC,30,1166,30607.5,26.25,0.88,"Aspen-OSD, Port Elizabeth, SA",Yes,145,1742.25,59.99
24246,117-ET-T30,FPQ-9990,SCMS-148080,ASN-15260,Ethiopia,PMO - US,Direct Drop,FCA,Air,5/24/2012,6/1/2012,27-Jun-12,27-Jun-12,27-Jun-12,ARV,Pediatric,ABBVIE LOGISTICS (FORMERLY ABBOTT LOGISTICS BV),"Lopinavir/Ritonavir 80/20mg/ml [Kaletra], oral solution, cool, Bottle 5 x 60 ml",Lopinavir/Ritonavir,Kaletra,80/20mg/ml,Oral solution,300,700,21574.0,30.82,0.1,ABBVIE (Abbott) Logis. UK,Yes,1050,4672.77,30.25
10681,100-ZW-T01,Pre-PQ Process,SO-1608,DN-771,Zimbabwe,PMO - US,From RDC,N/A - From RDC,Truck,Pre-PQ Process,N/A - From RDC,9-Jun-08,9-Jun-08,9-Jun-08,ARV,Adult,SCMS from RDC,"Lamivudine/Stavudine 150/30mg, tablets, 30 Tabs",Lamivudine/Stavudine,Generic,150/30mg,Tablet - FDC,30,1600,3200.0,2.0,0.07,"Cipla, Goa, India",Yes,96,2145.17,5.12
69875,161-ZA-T30,FPQ-5303,SCMS-68750,ASN-8515,South Africa,PMO - US,Direct Drop,DDP,Air,3/18/2010,3/19/2010,13-Oct-10,17-Nov-10,17-Nov-10,ARV,Adult,CIPLA LIMITED,"Tenofovir Disoproxil Fumarate 300mg, tablets, 30 Tabs",Tenofovir Disoproxil Fumarate,Generic,300mg,Tablet,30,51828,405294.96,7.82,0.26,"Cipla, Goa, India",Yes,3543,3646.13,873.82
21338,116-ZA-T30,FPQ-11828,SCMS-183950,ASN-19166,South Africa,South Africa Field Office,Direct Drop,DDP,Truck,3/18/2013,Date Not Captured,16-Apr-13,16-Apr-13,16-Apr-13,ARV,Adult,S. BUYS WHOLESALER,"Lamivudine/Zidovudine 150/300mg [Combivir], tablets, 60 Tabs",Lamivudine/Zidovudine,Combivir,150/300mg,Tablet - FDC,60,39,746.32,19.14,0.32,"GSK, U1, Poznan, Poland",No,Weight Captured Separately,Freight Included in Commodity Cost,0.92
86390,100-BJ-T30,FPQ-7658,SO-39790,DN-2237,Benin,PMO - US,From RDC,N/A - From RDC,Air,5/15/2011,N/A - From RDC,13-Jun-11,9-Jun-11,9-Jun-11,ARV,Adult,SCMS from RDC,"Nevirapine 200mg, tablets, 60 Tabs",Nevirapine,Generic,200mg,Tablet,60,14081,35343.31,2.51,0.04,"Strides, Bangalore, India.",No,See DN-2237 (ID#:82954),See DN-2237 (ID#:82954),58.32
84212,114-UG-T30,FPQ-10780,SO-43470,DN-2971,Uganda,PMO - US,From RDC,N/A - From RDC,Air,10/10/2012,N/A - From RDC,31-Jan-13,1-Feb-13,1-Feb-13,ARV,Adult,SCMS from RDC,"Nevirapine 200mg, tablets, 60 Tabs",Nevirapine,Generic,200mg,Tablet,60,4535,10974.7,2.42,0.04,"Aurobindo Unit III, India",Yes,491,4002.01,15.39
59334,161-ZA-T30,FPQ-5303,SCMS-69030,ASN-8510,South Africa,PMO - US,Direct Drop,DDP,Air,3/18/2010,3/19/2010,20-Sep-10,15-Dec-10,15-Dec-10,ARV,Adult,Aurobindo Pharma Limited,"Zidovudine 300mg, tablets, 60 Tabs",Zidovudine,Generic,300mg,Tablet,60,2098,15588.14,7.43,0.12,"Aurobindo Unit III, India",Yes,124,1697.89,33.61
49585,111-MZ-T30,FPQ-13395,SCMS-219210,ASN-24127,Mozambique,PMO - US,Direct Drop,EXW,Air,12/11/2013,12/17/2013,14-Feb-14,14-Feb-14,28-Mar-14,ARV,Adult,HETERO LABS LIMITED,"Lamivudine/Nevirapine/Zidovudine 150/200/300mg, tablets, 60 Tabs",Lamivudine/Nevirapine/Zidovudine,Generic,150/300/200mg,Tablet - FDC,60,250000,2027500.0,8.11,0.14,Hetero Unit III Hyderabad IN,Yes,34074,146734.85,2084.27
23404,105-SS-T30,FPQ-15569,SCMS-272160,ASN-31323,South Sudan,PMO - US,Direct Drop,EXW,Air,12/29/2014,2/20/2015,3-Jun-15,3-Jun-15,5-Jun-15,HRDT,HIV test - Ancillary,"Orgenics, Ltd","Chase Buffer, Determine, 100 Tests, 2.5ml x 1 Vial","Chase Buffer, Determine, 100 Tests, 2.5ml x 1 Vial",Determine,,Test kit - Ancillary,1,20,100.0,5.0,5.0,"Alere Medical Co., Ltd.",No,See ASN-31323 (ID#:14240),See ASN-31323 (ID#:14240),0.12
10711,114-UG-T01,Pre-PQ Process,SO-17760,DN-1143,Uganda,PMO - US,From RDC,N/A - From RDC,Air,Pre-PQ Process,N/A - From RDC,2-Apr-09,2-Apr-09,2-Apr-09,ARV,Adult,SCMS from RDC,"Lamivudine/Zidovudine 150/300mg, tablets, 60 Tabs",Lamivudine/Zidovudine,Generic,150/300mg,Tablet - FDC,60,3505,32771.75,9.35,0.16,"Aurobindo Unit III, India",Yes,6556,5401.95,64.23
83120,106-HT-T30,FPQ-11281,SO-44430,DN-3061,Haiti,PMO - US,From RDC,N/A - From RDC,Air,1/16/2013,N/A - From RDC,9-Apr-13,14-Mar-13,14-Mar-13,ARV,Pediatric,SCMS from RDC,"Lamivudine 10mg/ml, oral solution w/syringe, Bottle, 240 ml",Lamivudine,Generic,10mg/ml,Oral solution,240,1944,3596.4,1.85,0.01,"Aurobindo Unit III, India",Yes,682,8118.08,4.45
11572,112-NG-T01,Pre-PQ Process,SO-2729,DN-1008,Nigeria,PMO - US,From RDC,N/A - From RDC,Air,Pre-PQ Process,N/A - From RDC,17-Nov-08,17-Nov-08,17-Nov-08,ARV,Adult,SCMS from RDC,"Emtricitabine/Tenofovir Disoproxil Fumarate 200/300mg [Truvada], tablets, 30 Tabs",Emtricitabine/Tenofovir Disoproxil Fumarate,Truvada,300/200mg,Tablet - FDC,30,6,157.5,26.25,0.88,"Aspen-OSD, Port Elizabeth, SA",No,See DN-1008 (ID#:11570),See DN-1008 (ID#:11570),0.31
84705,101-CD-T30,FPQ-8840,SO-41384,DN-2525,"Congo, DRC",PMO - US,From RDC,N/A - From RDC,Air,11/21/2011,N/A - From RDC,22-Mar-12,22-Mar-12,22-Mar-12,ARV,Adult,SCMS from RDC,"Lamivudine 150mg, tablets, 60 Tabs",Lamivudine,Generic,150mg,Tablet,60,43,100.19,2.33,0.04,Hetero Unit III Hyderabad IN,Yes,2,91.42,0.14
1529,107-RW-T01,Pre-PQ Process,SCMS-14750,ASN-1194,Rwanda,PMO - US,Direct Drop,CIP,Air,Pre-PQ Process,12/3/2007,28-Jan-08,28-Jan-08,28-Jan-08,ARV,Adult,MYLAN LABORATORIES LTD (FORMERLY MATRIX LABORATORIES),"Abacavir 300mg, tablets, 60 Tabs",Abacavir,Generic,300mg,Tablet,60,1099,30222.5,27.5,0.46,Mylan (formerly Matrix) Nashik,Yes,113,1511.25,48.36
58642,102-SD-T30,FPQ-8261,SCMS-120471,ASN-13348,Sudan,PMO - US,Direct Drop,EXW,Air,8/29/2011,9/7/2011,7-Feb-12,7-Feb-12,7-Feb-12,HRDT,HIV test,"Trinity Biotech, Plc","HIV 1/2, Uni-Gold HIV Kit, 20 Tests","HIV 1/2, Uni-Gold HIV Kit",Uni-Gold,,Test kit,20,58,1856.0,32.0,1.6,"Trinity Biotech, Plc",Yes,20,644.02,3.06
44099,106-HT-T30,FPQ-11286,SCMS-176280,ASN-19666,Haiti,PMO - US,Direct Drop,FCA,Air,1/16/2013,2/5/2013,20-Jun-13,20-Jun-13,20-Jun-13,ARV,Pediatric,ABBVIE LOGISTICS (FORMERLY ABBOTT LOGISTICS BV),"Lopinavir/Ritonavir 100/25mg [Aluvia], tablets, 60 Tabs",Lopinavir/Ritonavir,Generic,100/25mg,Tablet,60,612,3635.28,5.94,0.1,ABBVIE Ludwigshafen Germany,Yes,76,1286.68,4.5
8192,107-RW-T01,Pre-PQ Process,SCMS-14220,ASN-1305,Rwanda,PMO - US,Direct Drop,CIP,Air,Pre-PQ Process,11/21/2007,28-Apr-08,11-Mar-08,11-Mar-08,ARV,Adult,CIPLA LIMITED,"Lamivudine/Nevirapine/Stavudine 150/200/30mg, tablets, 60 Tabs",Lamivudine/Nevirapine/Stavudine,Generic,150/200/30mg,Tablet - FDC,60,100000,700000.0,7.0,0.12,"Cipla, Goa, India",Yes,10303,35034.75,1120.0
32077,101-CD-T30,FPQ-13555,SCMS-234260,ASN-26439,"Congo, DRC",PMO - US,Direct Drop,EXW,Air,3/19/2014,5/5/2014,26-Aug-14,26-Aug-14,16-Sep-14,ARV,Pediatric,Aurobindo Pharma Limited,"Zidovudine 10mg/ml, oral solution, Bottle, 240 ml",Zidovudine,Generic,10mg/ml,Oral solution,240,367,734.0,2.0,0.01,"Aurobindo Unit III, India",Yes,161,2038.97,0.75
76069,101-CD-T30,FPQ-12106,SCMS-186720,ASN-20032,"Congo, DRC",PMO - US,Direct Drop,EXW,Air,4/12/2013,5/8/2013,4-Nov-13,4-Nov-13,3-Dec-13,HRDT,HIV test,"Trinity Biotech, Plc","HIV 1/2, Uni-Gold HIV Kit, 20 Tests","HIV 1/2, Uni-Gold HIV Kit",Uni-Gold,,Test kit,20,469,15008.0,32.0,1.6,"Trinity Biotech, Plc",Yes,170,3125.65,18.56
82330,110-ZM-T30,FPQ-5702,SO-36850,DN-1875,Zambia,PMO - US,From RDC,N/A - From RDC,Truck,5/20/2010,N/A - From RDC,4-Nov-10,29-Jun-10,29-Jun-10,ARV,Adult,SCMS from RDC,"Efavirenz 600mg, tablets, 30 Tabs",Efavirenz,Generic,600mg,Tablet,30,2750,12650.0,4.6,0.15,Mylan (formerly Matrix) Nashik,Yes,10313,11054.59,27.27
80665,900-SZ-T30,FPQ-8386,SCMS-122650,ASN-12532,Swaziland,PMO - US,Direct Drop,EXW,Air,9/14/2011,9/22/2011,16-Nov-11,16-Nov-11,16-Nov-11,ARV,Adult,MYLAN LABORATORIES LTD (FORMERLY MATRIX LABORATORIES),"Efavirenz/Lamivudine/Tenofovir Disoproxil Fumarate 600/300/300mg, tablets, 30 Tabs",Efavirenz/Lamivudine/Tenofovir Disoproxil Fumarate,Generic,600/300/300mg,Tablet - FDC,30,41700,587970.0,14.1,0.47,Mylan (formerly Matrix) Nashik,Yes,4900,29478.42,970.15
10736,112-NG-T01,Pre-PQ Process,SO-22530,DN-1081,Nigeria,PMO - US,From RDC,N/A - From RDC,Air,Pre-PQ Process,N/A - From RDC,16-Feb-09,16-Feb-09,16-Feb-09,ARV,Adult,SCMS from RDC,"Lamivudine/Zidovudine 150/300mg, tablets, 60 Tabs",Lamivudine/Zidovudine,Generic,150/300mg,Tablet - FDC,60,1116,10434.6,9.35,0.16,"Aurobindo Unit III, India",Yes,102,3680.33,20.45
4044,109-TZ-T01,Pre-PQ Process,SCMS-10260,ASN-698,Tanzania,PMO - US,Direct Drop,EXW,Air,Pre-PQ Process,Date Not Captured,16-Oct-07,16-Oct-07,16-Oct-07,HRDT,HIV test,"Standard Diagnostics, Inc.","HIV 1/2, Bioline 3.0 Kit, Lancets, Capillary pipets, Alcohol swabs included, 25 Tests","HIV 1/2, Bioline 3.0 Kit, Lancets, Capillary pipets, Alcohol swabs included",Bioline,,Test kit,25,10000,200000.0,20.0,0.8,"Standard Diagnostics, Korea",Yes,3338,28466.06,320.0
85349,109-TZ-T30,FPQ-11393,SO-44370,DN-3104,Tanzania,PMO - US,From RDC,N/A - From RDC,Truck,12/30/2012,N/A - From RDC,31-May-13,22-Apr-13,22-Apr-13,ARV,Adult,SCMS from RDC,"Emtricitabine/Tenofovir Disoproxil Fumarate 200/300mg, tablets, 30 Tabs",Emtricitabine/Tenofovir Disoproxil Fumarate,Generic,200/300mg,Tablet - FDC,30,31512,191277.84,6.07,0.2,Mylan (formerly Matrix) Nashik,Yes,2635,3300.95,236.61
69314,111-MZ-T30,FPQ-13241,SCMS-226030,ASN-28449,Mozambique,PMO - US,Direct Drop,CIP,Air,11/18/2013,3/14/2014,21-Oct-14,21-Oct-14,12-Nov-14,ARV,Adult,MERCK SHARP & DOHME IDEA GMBH (FORMALLY MERCK SHARP & DOHME B.V.),"Raltegravir 400mg [Isentress], tablets, 60 Tabs",Raltegravir,Isentress,400mg,Tablet,60,100,5550.0,55.5,0.92,"MSD, Haarlem, NL",Yes,Weight Captured Separately,Freight Included in Commodity Cost,5.71
28923,114-UG-T30,FPQ-11141,SCMS-173470,ASN-19519,Uganda,PMO - US,Direct Drop,EXW,Air,12/13/2012,2/4/2013,24-May-13,24-May-13,24-May-13,ARV,Adult,EMCURE PHARMACEUTICALS LTD,"Atazanavir 300mg, capsules, 30 Caps",Atazanavir,Generic,300mg,Capsule,30,132,2640.0,20.0,0.67,"Emcure Plot No.P-2, I.T-B.T. Park, Phase II, MIDC, Hinjwadi, Pune, India",Yes,12,1025.37,3.27
83522,114-UG-T30,FPQ-7267,SO-39060,DN-2312,Uganda,PMO - US,From RDC,N/A - From RDC,Truck,3/4/2011,N/A - From RDC,31-Jul-11,12-Aug-11,12-Aug-11,ARV,Adult,SCMS from RDC,"Efavirenz/Emtricitabine/Tenofovir Disoproxil Fumarate 600/200/300mg, tablets, 30 Tabs",Efavirenz/Emtricitabine/Tenofovir Disoproxil Fumarate,Generic,600/200/300mg,Tablet - FDC,30,3330,66333.6,19.92,0.66,Mylan (formerly Matrix) Nashik,Yes,370,2886.12,109.45
10792,104-CI-T01,Pre-PQ Process,SO-31730,DN-1400,Côte d'Ivoire,PMO - US,From RDC,N/A - From RDC,Air,Date Not Captured,N/A - From RDC,9-Sep-09,9-Sep-09,9-Sep-09,ARV,Adult,SCMS from RDC,"Lamivudine/Zidovudine 150/300mg, tablets, 60 Tabs",Lamivudine/Zidovudine,Generic,150/300mg,Tablet - FDC,60,8824,77298.24,8.76,0.15,Mylan (formerly Matrix) Nashik,Yes,706,3144.57,151.5
40484,102-KE-T30,FPQ-6406,SCMS-88211,ASN-9546,Kenya,PMO - US,Direct Drop,EXW,Air,9/27/2010,11/22/2010,10-Feb-11,10-Feb-11,10-Feb-11,HRDT,HIV test,"Orgenics, Ltd","HIV 1/2, Determine Complete HIV Kit, 100 Tests","HIV 1/2, Determine Complete HIV Kit",Determine,,Test kit,100,8563,762107.0,89.0,0.89,Inverness Japan,Yes,1474,15687.32,1643.1
11591,104-CI-T01,Pre-PQ Process,SO-11830,DN-948,Côte d'Ivoire,PMO - US,From RDC,N/A - From RDC,Air,Pre-PQ Process,N/A - From RDC,3-Dec-08,3-Dec-08,3-Dec-08,ARV,Pediatric,SCMS from RDC,"Efavirenz 30mg/ml [Stocrin/Sustiva], oral solution, Bottle, 180 ml",Efavirenz,Stocrin/Sustiva,30mg/ml,Oral solution,180,1793,30409.28,16.96,0.09,"MSD, Haarlem, NL",No,See DN-948 (ID#:10994),See DN-948 (ID#:10994),59.6
66811,102-GY-T30,FPQ-4869,SCMS-63860,ASN-6373,Guyana,PMO - US,Direct Drop,EXW,Air,1/11/2010,2/4/2010,5-Apr-10,5-Apr-10,5-Apr-10,HRDT,HIV test,"Orgenics, Ltd","HIV 1/2, Determine Complete HIV Kit, 100 Tests","HIV 1/2, Determine Complete HIV Kit",Determine,,Test kit,100,237,21330.0,90.0,0.9,Inverness Japan,Yes,108,2058.84,45.99
86450,110-ZM-T30,FPQ-7667,SO-40240,DN-2515,Zambia,PMO - US,From RDC,N/A - From RDC,Truck,7/26/2011,N/A - From RDC,29-Feb-12,17-Feb-12,17-Feb-12,ARV,Pediatric,SCMS from RDC,"Nevirapine 10mg/ml, oral suspension w/syringe, Bottle, 240 ml",Nevirapine,Generic,10mg/ml,Oral suspension,240,40126,78245.7,1.95,0.01,"Aurobindo Unit III, India",Yes,12360,11292.05,129.11
22079,161-ZA-T30,FPQ-6262,SCMS-83820,ASN-9484,South Africa,PMO - US,Direct Drop,DDP,Ocean,8/31/2010,9/24/2010,10-Mar-11,4-Mar-11,4-Mar-11,ARV,Adult,Aurobindo Pharma Limited,"Efavirenz 600mg, tablets, 30 Tabs",Efavirenz,Generic,600mg,Tablet,30,63967,289770.51,4.53,0.15,"Aurobindo Unit III, India",Yes,5491,15331.49,624.75
86195,151-NG-T30,FPQ-14766,SO-49680,DN-4244,Nigeria,PMO - US,From RDC,N/A - From RDC,Air Charter,8/13/2014,N/A - From RDC,30-Apr-15,15-Apr-15,20-Apr-15,ARV,Adult,SCMS from RDC,"Efavirenz/Lamivudine/Tenofovir Disoproxil Fumarate 600/300/300mg, tablets, 30 Tabs",Efavirenz/Lamivudine/Tenofovir Disoproxil Fumarate,Generic,600/300/300mg,Tablet - FDC,30,291928,2802508.8,9.6,0.32,Hetero Unit III Hyderabad IN,Yes,37701,68046,2880.98
12564,104-CI-T01,Pre-PQ Process,SO-21871,DN-1170,Côte d'Ivoire,PMO - US,From RDC,N/A - From RDC,Air,Pre-PQ Process,N/A - From RDC,19-Jun-09,19-Jun-09,19-Jun-09,ARV,Adult,SCMS from RDC,"Nevirapine 200mg, tablets, 60 Tabs",Nevirapine,Generic,200mg,Tablet,60,5259,15777.0,3.0,0.05,Hetero Unit III Hyderabad IN,Yes,294,5432.93,30.92
59896,114-UG-T30,FPQ-12477,SCMS-198540,ASN-21767,Uganda,PMO - US,Direct Drop,EXW,Air,7/8/2013,7/31/2013,3-Oct-13,3-Oct-13,6-Nov-13,ARV,Adult,CIPLA LIMITED,"Lamivudine/Zidovudine 150/300mg, tablets, 60 Tabs",Lamivudine/Zidovudine,Generic,150/300mg,Tablet - FDC,60,97380,641734.2,6.59,0.11,"Cipla, Goa, India",Yes,8722,32208.32,793.83
11047,110-ZM-T01,Pre-PQ Process,SO-17620,DN-1239,Zambia,PMO - US,From RDC,N/A - From RDC,Truck,Pre-PQ Process,N/A - From RDC,8-Jun-09,8-Jun-09,8-Jun-09,ARV,Adult,SCMS from RDC,"Efavirenz 600mg, tablets, 30 Tabs",Efavirenz,Generic,600mg,Tablet,30,100000,1100000.0,11.0,0.37,Hetero Unit III Hyderabad IN,Yes,7735,15922.67,2156.0
84634,109-TZ-T30,FPQ-7347,SO-39010,DN-2151,Tanzania,PMO - US,From RDC,N/A - From RDC,Air,3/7/2011,N/A - From RDC,7-Apr-11,31-Mar-11,31-Mar-11,ARV,Adult,SCMS from RDC,"Efavirenz 600mg, tablets, 30 Tabs",Efavirenz,Generic,600mg,Tablet,30,4738,19994.36,4.22,0.14,Mylan (formerly Matrix) Nashik,No,See DN-2151 (ID#:84068),See DN-2151 (ID#:84068),32.99
64946,105-GH-T30,FPQ-14667,SCMS-254770,ASN-30498,Ghana,PMO - US,Direct Drop,EXW,Air,8/11/2014,9/25/2014,10-Apr-15,10-Apr-15,13-Apr-15,ARV,Pediatric,MYLAN LABORATORIES LTD (FORMERLY MATRIX LABORATORIES),"Abacavir/Lamivudine 60/30mg, tablets, 60 Tabs",Abacavir/Lamivudine,Generic,60/30mg,Tablet - FDC,60,9073,35838.35,3.95,0.07,Mylan (formerly Matrix) Nashik,Yes,437,4659.75,36.84
86718,111-MZ-T30,FPQ-13124,SO-47053,DN-3864,Mozambique,PMO - US,From RDC,N/A - From RDC,Truck,10/21/2013,N/A - From RDC,29-Aug-14,27-Oct-14,7-Nov-14,ARV,Adult,SCMS from RDC,"Lamivudine/Nevirapine/Zidovudine 150/200/300mg, tablets, 60 Tabs",Lamivudine/Nevirapine/Zidovudine,Generic,150/300/200mg,Tablet - FDC,60,114324,927167.64,8.11,0.14,"Cipla, Goa, India",No,See DN-3864 (ID#:85518),See DN-3864 (ID#:85518),953.13
15554,161-ZA-T30,FPQ-5648,SCMS-75480,ASN-8755,South Africa,PMO - US,Direct Drop,DDP,Air,6/2/2010,6/17/2010,13-Dec-10,11-Dec-10,11-Dec-10,ARV,Pediatric,Aurobindo Pharma Limited,"Nevirapine 10mg/ml, oral suspension w/syringe, Bottle, 240 ml",Nevirapine,Generic,10mg/ml,Oral suspension,240,2162,6810.3,3.15,0.01,"Aurobindo Unit III, India",Yes,838,4876.31,14.68
16707,102-KE-T30,FPQ-4591,SCMS-58382,ASN-7490,Kenya,PMO - US,Direct Drop,EXW,Air,11/18/2009,5/27/2010,29-Jul-10,29-Jul-10,29-Jul-10,HRDT,HIV test,"Orgenics, Ltd","HIV 1/2, Determine Complete HIV Kit, 100 Tests","HIV 1/2, Determine Complete HIV Kit",Determine,,Test kit,100,8442,675360.0,80.0,0.8,Inverness Japan,Yes,1454,13343.23,1456.08
26427,116-ZA-T30,FPQ-12522,SCMS-199283,ASN-27978,South Africa,PMO - US,Direct Drop,DDP,Truck,7/11/2013,8/27/2014,27-Aug-14,27-Aug-14,27-Aug-14,ARV,Adult,S. BUYS WHOLESALER,"Tenofovir Disoproxil Fumarate 300mg, tablets, 30 Tabs",Tenofovir Disoproxil Fumarate,Generic,300mg,Tablet,30,211,4768.7,22.6,0.75,"Aurobindo Unit III, India",No,Weight Captured Separately,Freight Included in Commodity Cost,5.9
12625,102-NG-T01,Pre-PQ Process,SO-131,DN-1,Nigeria,PMO - US,From RDC,N/A - From RDC,,Pre-PQ Process,N/A - From RDC,20-Sep-06,13-Jul-06,13-Jul-06,HRDT,HIV test,SCMS from RDC,"HIV 1/2, Stat-Pak HIV, Kit, 20 Tests","HIV 1/2, Stat-Pak HIV, Kit",Stat-Pak,,Test kit,20,50000,67500.0,1.35,0.07,Chembio Diagnostics Sys. Inc.,Yes,712,Freight Included in Commodity Cost,
11962,104-CI-T01,Pre-PQ Process,SO-21882,DN-1171,Côte d'Ivoire,PMO - US,From RDC,N/A - From RDC,Air,Pre-PQ Process,N/A - From RDC,12-May-09,12-May-09,12-May-09,ARV,Pediatric,SCMS from RDC,"Abacavir 20mg/ml, oral solution, Bottle, 240 ml",Abacavir,Generic,20mg/ml,Oral solution,240,352,5280.0,15.0,0.06,"Aurobindo Unit III, India",Yes,125,1328.03,10.35
69219,107-RW-T30,FPQ-12518,SCMS-198222,ASN-24439,Rwanda,PMO - US,Direct Drop,EXW,Air,6/21/2013,8/12/2013,27-Mar-14,27-Mar-14,27-Mar-14,HRDT,HIV test,"SHANGHAI KEHUA BIOENGINEERING CO.,LTD.  (KHB)","HIV 1/2, SKB Colloidal Gold, Diagnostic Kit, Antibody, 50 Tests","HIV 1/2, Colloidal Gold, Diagnostic Kit, Antibody",Colloidal Gold,,Test kit,1,2988,73206.0,24.5,24.5,"KHB Test Kit Facility, Shanghai China",Yes,1992,27313,90.56
25982,102-SD-T30,FPQ-6171,SCMS-81730,ASN-8853,Sudan,PMO - US,Direct Drop,EXW,Air,8/5/2010,8/23/2010,1-Dec-10,1-Dec-10,1-Dec-10,HRDT,HIV test,"Standard Diagnostics, Inc.","HIV 1/2, Bioline 3.0 Kit, Lancets, Capillary pipets, Alcohol swabs included, 25 Tests","HIV 1/2, Bioline 3.0 Kit, Lancets, Capillary pipets, Alcohol swabs included",Bioline,,Test kit,25,16,320.0,20.0,0.8,"Standard Diagnostics, Korea",Yes,139,1629.85,0.69
19685,110-ZM-T30,FPQ-11561,SCMS-183050,ASN-19389,Zambia,PMO - US,Direct Drop,FCA,Air,2/13/2013,3/28/2013,22-May-13,22-May-13,22-May-13,ARV,Pediatric,ABBVIE LOGISTICS (FORMERLY ABBOTT LOGISTICS BV),"Lopinavir/Ritonavir 80/20mg/ml [Kaletra], oral solution, cool, Bottle 5 x 60 ml",Lopinavir/Ritonavir,Kaletra,80/20mg/ml,Oral solution,300,1500,46230.0,30.82,0.1,ABBVIE (Abbott) Logis. UK,Yes,1374,10365.13,57.19
83473,106-HT-T30,FPQ-6484,SO-37760,DN-2073,Haiti,PMO - US,From RDC,N/A - From RDC,Air,10/13/2010,N/A - From RDC,20-Dec-10,5-Jan-11,5-Jan-11,ARV,Adult,SCMS from RDC,"Lamivudine 150mg, tablets, 60 Tabs",Lamivudine,Generic,150mg,Tablet,60,9009,20990.97,2.33,0.04,Hetero Unit III Hyderabad IN,No,See DN-2073 (ID#:82362),See DN-2073 (ID#:82362),45.26
11640,100-GH-T01,Pre-PQ Process,SO-30700,DN-1235,Ghana,PMO - US,From RDC,N/A - From RDC,Truck,Date Not Captured,N/A - From RDC,12-Aug-09,12-Aug-09,12-Aug-09,ARV,Adult,SCMS from RDC,"Stavudine 20mg, capsules, 60 Caps",Stavudine,Generic,20mg,Capsule,60,477,4.77,0.01,0.0,"Aurobindo Unit III, India",No,See DN-1235 (ID#:10769),See DN-1235 (ID#:10769),0.01
21096,900-SS-T30,FPQ-8611,SCMS-127510,ASN-13212,South Sudan,PMO - US,Direct Drop,EXW,Air,11/4/2011,11/16/2011,8-Feb-12,8-Feb-12,8-Feb-12,HRDT,HIV test,"Orgenics, Ltd","HIV 1/2, Determine Complete HIV Kit, 100 Tests","HIV 1/2, Determine Complete HIV Kit",Determine,,Test kit,100,470,41830.0,89.0,0.89,"Alere Medical Co., Ltd.",Yes,244,7428.38,58.65
84528,104-CI-T30,FPQ-4378,SO-34410,DN-1662,Côte d'Ivoire,PMO - US,From RDC,N/A - From RDC,Air,10/15/2009,N/A - From RDC,9-Mar-10,1-Mar-10,1-Mar-10,ARV,Pediatric,SCMS from RDC,"Zidovudine 100mg, capsules, 100 Caps",Zidovudine,Generic,100mg,Capsule,100,2152,10760.0,5.0,0.05,"Aurobindo Unit III, India",No,See DN-1662 (ID#:83981),See DN-1662 (ID#:83981),21.09
57876,116-ZA-T30,FPQ-3596,SCMS-50360,ASN-5451,South Africa,PMO - US,Direct Drop,DDP,Truck,5/7/2009,9/22/2009,29-Oct-09,29-Oct-09,29-Oct-09,ARV,Adult,S. BUYS WHOLESALER,"Lamivudine 150mg, tablets, 60 Tabs",Lamivudine,Generic,150mg,Tablet,60,8146,79058.92,9.71,0.16,"Aurobindo Unit III, India",No,Weight Captured Separately,Freight Included in Commodity Cost,154.96
28230,111-MZ-T30,FPQ-4738,SCMS-62180,ASN-6178,Mozambique,PMO - US,Direct Drop,EXW,Air,12/10/2009,1/5/2010,17-Mar-10,17-Mar-10,17-Mar-10,HRDT,HIV test,"Orgenics, Ltd","HIV 1/2, Determine HIV Kit, without Lancets, 100 Tests","HIV 1/2, Determine HIV Kit, without Lancets",Determine,,Test kit,100,5200,364000.0,70.0,0.7,Inverness Japan,Yes,1179,14110.84,784.78
86481,104-CI-T30,FPQ-8787,SO-41170,DN-2689,Côte d'Ivoire,PMO - US,From RDC,N/A - From RDC,Air,11/11/2011,N/A - From RDC,21-Jun-12,15-Jun-12,15-Jun-12,ARV,Adult,SCMS from RDC,"Lamivudine/Nevirapine/Zidovudine 150/200/300mg, tablets, 60 Tabs",Lamivudine/Nevirapine/Zidovudine,Generic,150/300/200mg,Tablet - FDC,60,100000,1029000.0,10.29,0.17,Mylan (formerly Matrix) Nashik,Yes,13055,23994.1,1442.66
68893,116-ZA-T30,FPQ-3560,SCMS-49631,ASN-5446,South Africa,PMO - US,Direct Drop,DDP,Truck,5/7/2009,7/21/2009,30-Sep-09,30-Sep-09,30-Sep-09,ARV,Adult,S. BUYS WHOLESALER,"Efavirenz 600mg, tablets, 30 Tabs",Efavirenz,Generic,600mg,Tablet,30,15328,291978.46,19.05,0.64,"Cipla, Goa, India",No,Weight Captured Separately,Freight Included in Commodity Cost,572.28
84648,113-ZW-T30,FPQ-6470,SO-39510,DN-2205,Zimbabwe,PMO - US,From RDC,N/A - From RDC,Truck,10/13/2010,N/A - From RDC,31-May-11,15-Jun-11,15-Jun-11,ARV,Adult,SCMS from RDC,"Lamivudine/Tenofovir Disoproxil Fumarate 300/300mg, tablets, 30 Tabs",Lamivudine/Tenofovir Disoproxil Fumarate,Generic,300/300mg,Tablet - FDC,30,10114,87283.82,8.63,0.29,Mylan (formerly Matrix) Nashik,No,See DN-2205 (ID#:82950),See DN-2205 (ID#:82950),188.18
11550,114-UG-T01,Pre-PQ Process,SO-1928,DN-652,Uganda,PMO - US,From RDC,N/A - From RDC,,Pre-PQ Process,N/A - From RDC,7-Apr-08,7-Apr-08,7-Apr-08,ARV,Adult,SCMS from RDC,"Lamivudine/Nevirapine/Zidovudine 150/200/300mg, tablets, 60 Tabs",Lamivudine/Nevirapine/Zidovudine,Generic,150/300/200mg,Tablet - FDC,60,1450,19575.0,13.5,0.22,"Cipla, Goa, India",Yes,167,1472.77,31.32
12801,111-MZ-T01,Pre-PQ Process,SO-1615,DN-698,Mozambique,PMO - US,From RDC,N/A - From RDC,Air,Pre-PQ Process,N/A - From RDC,23-Jun-08,23-Jun-08,23-Jun-08,ARV,Adult,SCMS from RDC,"Lamivudine/Zidovudine 150/300mg, tablets, 60 Tabs",Lamivudine/Zidovudine,Generic,150/300mg,Tablet - FDC,60,1728,16416.0,9.5,0.16,"Cipla, Goa, India",No,See DN-698 (ID#:10970),See DN-698 (ID#:10970),26.27
12602,114-UG-T01,Pre-PQ Process,SO-31460,DN-1300,Uganda,PMO - US,From RDC,N/A - From RDC,Air,Date Not Captured,N/A - From RDC,15-Sep-09,15-Sep-09,15-Sep-09,ARV,Adult,SCMS from RDC,"Nevirapine 200mg, tablets, 60 Tabs",Nevirapine,Generic,200mg,Tablet,60,2250,6525.0,2.9,0.05,"Aurobindo Unit III, India",No,See DN-1300 (ID#:11669),See DN-1300 (ID#:11669),12.79
15894,108-VN-T30,FPQ-4266,SCMS-56540,ASN-7741,Vietnam,PMO - US,Direct Drop,EXW,Air,10/20/2009,11/11/2009,23-Aug-10,23-Aug-10,23-Aug-10,ARV,Adult,Aurobindo Pharma Limited,"Lamivudine/Nevirapine/Zidovudine 150/200/300mg, tablets, 60 Tabs",Lamivudine/Nevirapine/Zidovudine,Generic,150/300/200mg,Tablet - FDC,60,20500,228575.0,11.15,0.19,"Aurobindo Unit III, India",Yes,2904,14223.39,448.01
11571,112-NG-T01,Pre-PQ Process,SO-2729,DN-1008,Nigeria,PMO - US,From RDC,N/A - From RDC,Air,Pre-PQ Process,N/A - From RDC,17-Nov-08,17-Nov-08,17-Nov-08,ARV,Adult,SCMS from RDC,"Lamivudine 150mg, tablets, 60 Tabs",Lamivudine,Generic,150mg,Tablet,60,1077,3123.3,2.9,0.05,"Aurobindo Unit III, India",No,See DN-1008 (ID#:11570),See DN-1008 (ID#:11570),6.12
85074,104-CI-T30,FPQ-4187,SO-33471,DN-1534,Côte d'Ivoire,PMO - US,From RDC,N/A - From RDC,Air,9/9/2009,N/A - From RDC,1-Dec-09,2-Dec-09,2-Dec-09,ARV,Pediatric,SCMS from RDC,"Efavirenz 50mg, capsule, 30 Caps",Efavirenz,Generic,50mg,Capsule,30,3444,7714.56,2.24,0.07,"Aurobindo Unit III, India",Yes,200,1211.48,15.12
11292,117-ET-T01,Pre-PQ Process,SO-22020,DN-1052,Ethiopia,PMO - US,From RDC,N/A - From RDC,Air,Pre-PQ Process,N/A - From RDC,3-Mar-09,3-Mar-09,3-Mar-09,ARV,Adult,SCMS from RDC,"Lamivudine/Stavudine 150/30mg, tablets, 60 Tabs",Lamivudine/Stavudine,Generic,150/30mg,Tablet - FDC,60,1044,3967.2,3.8,0.06,Mylan (formerly Matrix) Nashik,No,See DN-1052 (ID#:10737),See DN-1052 (ID#:10737),7.78
83413,114-UG-T30,FPQ-5014,SO-35960,DN-1756,Uganda,PMO - US,From RDC,N/A - From RDC,Truck,1/29/2010,N/A - From RDC,1-Apr-10,25-Mar-10,25-Mar-10,ARV,Adult,SCMS from RDC,"Lamivudine/Nevirapine/Zidovudine 150/200/300mg, tablets, 60 Tabs",Lamivudine/Nevirapine/Zidovudine,Generic,150/300/200mg,Tablet - FDC,60,9000,100980.0,11.22,0.19,"Aurobindo Unit III, India",Yes,1055,2961,217.71
82428,151-NG-T30,FPQ-8364,SO-40663,DN-2475,Nigeria,PMO - US,From RDC,N/A - From RDC,Air Charter,8/29/2011,N/A - From RDC,16-Mar-12,18-Dec-11,18-Dec-11,ARV,Adult,SCMS from RDC,"Lamivudine/Tenofovir Disoproxil Fumarate 300/300mg, tablets, 30 Tabs",Lamivudine/Tenofovir Disoproxil Fumarate,Generic,300/300mg,Tablet - FDC,30,43441,357519.43,8.23,0.27,Mylan (formerly Matrix) Nashik,Yes,3263,15322.7,589.91
7321,111-MZ-T01,Pre-PQ Process,SCMS-28730,ASN-2658,Mozambique,PMO - US,Direct Drop,EXW,Air,Pre-PQ Process,8/26/2008,1-Nov-08,1-Nov-08,1-Nov-08,HRDT,HIV test,"Orgenics, Ltd","HIV 1/2, Determine HIV Kit, without Lancets, 100 Tests","HIV 1/2, Determine HIV Kit, without Lancets",Determine,,Test kit,100,7690,553603.1,71.99,0.72,Inverness Japan,No,See ASN-2658 (ID#:4650),See ASN-2658 (ID#:4650),1085.06
76828,116-ZA-T30,FPQ-13973,SCMS-238554,ASN-28627,South Africa,PMO - US,Direct Drop,DDP,Truck,4/30/2014,10/3/2014,3-Oct-14,3-Oct-14,3-Oct-14,ARV,Adult,PHARMACY DIRECT,"Emtricitabine/Tenofovir Disoproxil Fumarate 200/300mg, tablets, 30 Tabs",Emtricitabine/Tenofovir Disoproxil Fumarate,Generic,200/300mg,Tablet - FDC,30,8,241.69,30.21,1.01,"Aurobindo Unit III, India",No,Weight Captured Separately,Freight Included in Commodity Cost,0.25
46727,109-TZ-T30,FPQ-10619,SCMS-161830,ASN-17464,Tanzania,PMO - US,Direct Drop,EXW,Air,9/13/2012,10/4/2012,31-Dec-12,31-Dec-12,31-Dec-12,HRDT,HIV test,"Orgenics, Ltd","HIV 1/2, Determine Complete HIV Kit, 100 Tests","HIV 1/2, Determine Complete HIV Kit",Determine,,Test kit,100,2264,181120.0,80.0,0.8,"Alere Medical Co., Ltd.",Yes,980,18638.44,253.93
86376,151-NG-T30,FPQ-6800,SO-39180,DN-2168,Nigeria,PMO - US,From RDC,N/A - From RDC,Air Charter,12/7/2010,N/A - From RDC,21-Jun-11,11-May-11,11-May-11,ARV,Adult,SCMS from RDC,"Efavirenz/Emtricitabine/Tenofovir Disoproxil Fumarate 600/200/300mg, tablets, 30 Tabs",Efavirenz/Emtricitabine/Tenofovir Disoproxil Fumarate,Generic,600/200/300mg,Tablet - FDC,30,30000,597600.0,19.92,0.66,Mylan (formerly Matrix) Nashik,Yes,3272,12601.07,986.04
81854,161-ZA-T30,FPQ-6262,SCMS-84230,ASN-9509,South Africa,PMO - US,Direct Drop,DDP,Ocean,8/31/2010,9/21/2010,14-Feb-11,9-Mar-11,9-Mar-11,ARV,Adult,STRIDES ARCOLAB LIMITED,"Lamivudine 150mg, tablets, 60 Tabs",Lamivudine,Generic,150mg,Tablet,60,212409,524650.23,2.47,0.04,"Strides, Bangalore, India.",Yes,10302,13677.69,1131.15
64051,107-RW-T30,FPQ-5792,SCMS-75800,ASN-8529,Rwanda,PMO - US,Direct Drop,EXW,Air,6/7/2010,7/21/2010,17-Nov-10,17-Nov-10,17-Nov-10,HRDT,HIV test,"Orgenics, Ltd","HIV 1/2, Determine HIV Kit, without Lancets, 100 Tests","HIV 1/2, Determine HIV Kit, without Lancets",Determine,,Test kit,100,5000,388500.0,77.7,0.78,Inverness Japan,Yes,1134,50550.58,837.61
84149,109-TZ-T30,FPQ-8303,SO-40531,DN-2572,Tanzania,PMO - US,From RDC,N/A - From RDC,Truck,8/22/2011,N/A - From RDC,11-Apr-12,11-Apr-12,11-Apr-12,ARV,Pediatric,SCMS from RDC,"Nevirapine 10mg/ml, oral suspension w/syringe, Bottle, 240 ml",Nevirapine,Generic,10mg/ml,Oral suspension,240,19026,37100.7,1.95,0.01,"Aurobindo Unit III, India",Yes,7096,3279.29,61.22
82989,104-CI-T30,FPQ-8295,SO-40750,DN-2420,Côte d'Ivoire,PMO - US,From RDC,N/A - From RDC,Truck,8/25/2011,N/A - From RDC,9-Dec-11,19-Nov-11,19-Nov-11,ARV,Adult,SCMS from RDC,"Efavirenz/Emtricitabine/Tenofovir Disoproxil Fumarate 600/200/300mg, tablets, 30 Tabs",Efavirenz/Emtricitabine/Tenofovir Disoproxil Fumarate,Generic,600/200/300mg,Tablet - FDC,30,6678,133025.76,19.92,0.66,Mylan (formerly Matrix) Nashik,Yes,2244,3296.34,219.49
82890,106-HT-T30,FPQ-5523,SO-36801,DN-1854,Haiti,PMO - US,From RDC,N/A - From RDC,Air,4/19/2010,N/A - From RDC,30-Jun-10,30-Jun-10,30-Jun-10,ARV,Adult,SCMS from RDC,"Efavirenz 600mg, tablets, 30 Tabs",Efavirenz,Generic,600mg,Tablet,30,43512,206682.0,4.75,0.16,Mylan (formerly Matrix) Nashik,Yes,3609,32479.84,445.61
85555,102-ZW-T30,FPQ-13991,SO-48490,DN-4113,Zimbabwe,PMO - US,From RDC,N/A - From RDC,Truck,4/1/2014,N/A - From RDC,16-Feb-15,4-Feb-15,16-Feb-15,ARV,Adult,SCMS from RDC,"Abacavir/Lamivudine 600/300mg, tablets, 30 Tabs",Abacavir/Lamivudine,Generic,600/300mg,Tablet - FDC,30,19913,268626.37,13.49,0.45,"Cipla, Patalganga, India",Yes,1828,1955.17,276.15
82916,104-CI-T30,FPQ-5623,SO-36880,DN-2011,Côte d'Ivoire,PMO - US,From RDC,N/A - From RDC,Air,5/7/2010,N/A - From RDC,30-Sep-10,25-Sep-10,25-Sep-10,ARV,Pediatric,SCMS from RDC,"Lamivudine 10mg/ml, oral solution, Bottle, 240 ml",Lamivudine,Generic,10mg/ml,Oral solution,240,4970,9592.1,1.93,0.01,"Cipla, Goa, India",No,See DN-2011 (ID#:82350),See DN-2011 (ID#:82350),20.68
86499,104-CI-T30,FPQ-9749,SO-42360,DN-2778,Côte d'Ivoire,PMO - US,From RDC,N/A - From RDC,Truck,4/19/2012,N/A - From RDC,15-Aug-12,15-Aug-12,15-Aug-12,ARV,Adult,SCMS from RDC,"Lamivudine 150mg, tablets, 60 Tabs",Lamivudine,Generic,150mg,Tablet,60,10080,22377.6,2.22,0.04,Hetero Unit III Hyderabad IN,No,See DN-2778 (ID#:85287),See DN-2778 (ID#:85287),31.37
9841,112-NG-T01,Pre-PQ Process,SCMS-26290,ASN-2106,Nigeria,PMO - US,Direct Drop,EXW,Air,Pre-PQ Process,6/30/2008,5-Aug-08,5-Aug-08,5-Aug-08,ACT,ACT,IDA FOUNDATION,"Artemether/Lumefantrine 20/120mg [Coartem], scored tablets, Blister 30 x 18 Tabs",Artemether/Lumefantrine,Coartem,20/120mg,Tablet - FDC + blister,540,34,1547.68,45.52,0.08,"Novartis Pharma AG, Switzerland",Yes,159,1976.57,2.48
44031,116-ZA-T30,FPQ-12522,SCMS-199289,ASN-28037,South Africa,PMO - US,Direct Drop,DDP,Truck,7/11/2013,8/29/2014,29-Aug-14,29-Aug-14,29-Aug-14,ARV,Adult,S. BUYS WHOLESALER,"Didanosine 250mg, delayed-release capsules, 30 Caps",Didanosine,Generic,250mg,Delayed-release capsules,30,8,134.55,16.82,0.56,"Aurobindo Unit III, India",No,Weight Captured Separately,Freight Included in Commodity Cost,0.17
22855,107-RW-T30,FPQ-10752,SCMS-162530,ASN-18216,Rwanda,PMO - US,Direct Drop,EXW,Ocean,10/3/2012,11/9/2012,22-Apr-13,22-Apr-13,22-Apr-13,ARV,Adult,MYLAN LABORATORIES LTD (FORMERLY MATRIX LABORATORIES),"Abacavir 300mg, tablets, 60 Tabs",Abacavir,Generic,300mg,Tablet,60,37350,438862.5,11.75,0.2,Mylan (formerly Matrix) Nashik,Yes,3860,59186.46,615.29
86418,900-GH-T30,FPQ-7866,SO-40020,DN-2404,Ghana,PMO - US,From RDC,N/A - From RDC,Air,6/13/2011,N/A - From RDC,31-Oct-11,28-Feb-12,28-Feb-12,ARV,Adult,SCMS from RDC,"Tenofovir Disoproxil Fumarate 300mg, tablets, 30 Tabs",Tenofovir Disoproxil Fumarate,Generic,300mg,Tablet,30,38760,248839.2,6.42,0.21,Mylan (formerly Matrix) Nashik,Yes,2169,985,410.58
12155,106-HT-T01,Pre-PQ Process,SO-1288,DN-445,Haiti,PMO - US,From RDC,N/A - From RDC,Air,Pre-PQ Process,N/A - From RDC,22-Jan-08,22-Jan-08,22-Jan-08,ARV,Adult,SCMS from RDC,"Lamivudine 150mg, tablets, 60 Tabs",Lamivudine,Generic,150mg,Tablet,60,5000,15200.0,3.04,0.05,"Ranbaxy, Paonta Shahib, India",No,See DN-445 (ID#:10640),See DN-445 (ID#:10640),24.32
86141,110-ZM-T30,FPQ-13221,SO-47209,DN-3978,Zambia,PMO - US,From RDC,N/A - From RDC,Truck,10/31/2013,N/A - From RDC,31-Oct-14,19-Nov-14,24-Nov-14,ARV,Adult,SCMS from RDC,"Lamivudine/Tenofovir Disoproxil Fumarate 300/300mg, tablets, 30 Tabs",Lamivudine/Tenofovir Disoproxil Fumarate,Generic,300/300mg,Tablet - FDC,30,20327,93910.74,4.62,0.15,Hetero Unit III Hyderabad IN,Yes,2130,6700.42,96.54
10694,119-NA-T01,Pre-PQ Process,SO-1131,DN-616,Namibia,PMO - US,From RDC,N/A - From RDC,Air,Pre-PQ Process,N/A - From RDC,5-Mar-08,5-Mar-08,5-Mar-08,HRDT,HIV test,SCMS from RDC,"HIV 1/2, Uni-Gold HIV Kit, 20 Tests","HIV 1/2, Uni-Gold HIV Kit",Uni-Gold,,Test kit,20,737,23584.0,32.0,1.6,"Trinity Biotech, Plc",Yes,231,5491.08,37.73
24754,116-ZA-T30,FPQ-12522,SCMS-199283,ASN-27979,South Africa,PMO - US,Direct Drop,DDP,Truck,7/11/2013,8/27/2014,27-Aug-14,27-Aug-14,27-Aug-14,ARV,Adult,S. BUYS WHOLESALER,"Lamivudine/Zidovudine 150/300mg, tablets, 60 Tabs",Lamivudine/Zidovudine,Generic,150/300mg,Tablet - FDC,60,31,1022.62,32.99,0.55,Hetero Unit III Hyderabad IN,No,Weight Captured Separately,Freight Included in Commodity Cost,1.26
82256,116-ZA-T30,FPQ-3596,SCMS-50370,ASN-5458,South Africa,PMO - US,Direct Drop,DDP,Truck,5/7/2009,9/22/2009,29-Oct-09,27-Oct-09,27-Oct-09,ARV,Adult,S. BUYS WHOLESALER,"Nevirapine 200mg [Viramune], tablets, 60 Tabs",Nevirapine,Viramune,200mg,Tablet,60,2400,48739.72,20.31,0.34,"Boehringer Ing., Koropi, GR",No,Weight Captured Separately,Freight Included in Commodity Cost,95.53
14931,107-RW-T30,FPQ-14813,SCMS-268601,ASN-31659,Rwanda,PMO - US,Direct Drop,FCA,Air,10/9/2014,12/12/2014,12-May-15,12-May-15,12-May-15,ARV,Pediatric,SWORDS LABORATORIES,"Atazanavir 200mg [Reyataz], capsules, 60 Caps",Atazanavir,Reyataz,200mg,Capsule,60,1080,43869.6,40.62,0.68,Bristol-Myers Squibb Anagni IT,Yes,282,1028.1,45.1
66333,116-ZA-T30,FPQ-5535,SCMS-71370,ASN-7373,South Africa,PMO - US,Direct Drop,DDP,Truck,4/19/2010,4/21/2010,31-May-10,31-May-10,31-May-10,ARV,Pediatric,S. BUYS WHOLESALER,"Zidovudine 10mg/ml [Retrovir], oral solution, Bottle, 200 ml",Zidovudine,Retrovir,10mg/ml,Oral solution,200,400,2864.03,7.16,0.04,GSK Mississauga (Canada),No,Weight Captured Separately,Freight Included in Commodity Cost,6.17
83394,114-UG-T30,FPQ-4275,SO-35100,DN-1607,Uganda,PMO - US,From RDC,N/A - From RDC,Air,9/17/2009,N/A - From RDC,15-Jan-10,11-Jan-10,11-Jan-10,ARV,Adult,SCMS from RDC,"Efavirenz 600mg, tablets, 30 Tabs",Efavirenz,Generic,600mg,Tablet,30,21563,124634.14,5.78,0.19,"Aurobindo Unit III, India",Yes,1864,8485,244.28
10477,119-NA-T01,Pre-PQ Process,SCMS-46810,ASN-4412,Namibia,PMO - US,Direct Drop,EXW,Air,Pre-PQ Process,6/1/2009,29-Jul-09,29-Jul-09,29-Jul-09,HRDT,HIV test,"Orgenics, Ltd","HIV 1/2, Determine Complete HIV Kit, 100 Tests","HIV 1/2, Determine Complete HIV Kit",Determine,,Test kit,100,150,10800.0,72.0,0.72,Inverness Japan,Yes,47,2681.23,21.17
85196,106-HT-T30,FPQ-6484,SO-37770,DN-2292,Haiti,PMO - US,From RDC,N/A - From RDC,Air,10/13/2010,N/A - From RDC,22-Jul-11,17-Jul-11,17-Jul-11,ARV,Pediatric,SCMS from RDC,"Nevirapine 10mg/ml, oral suspension w/syringe, Bottle, 240 ml",Nevirapine,Generic,10mg/ml,Oral suspension,240,3100,6045.0,1.95,0.01,"Aurobindo Unit III, India",Yes,1156,14661.14,13.03
83284,105-GY-T30,FPQ-14650,SO-49360,DN-3977,Guyana,PMO - US,From RDC,N/A - From RDC,Air,7/18/2014,N/A - From RDC,31-Dec-14,26-Nov-14,2-Dec-14,ARV,Adult,SCMS from RDC,"Lopinavir/Ritonavir 200/50mg, tablets, 120 Tabs",Lopinavir/Ritonavir,Generic,200/50mg,Tablet,120,1819,35761.54,19.66,0.16,Mylan (formerly Matrix) Nashik,Yes,473,6001.52,36.76
83100,109-TZ-T30,FPQ-10545,SO-43111,DN-2972,Tanzania,PMO - US,From RDC,N/A - From RDC,Truck,8/24/2012,N/A - From RDC,28-Feb-13,26-Feb-12,26-Feb-13,ARV,Pediatric,SCMS from RDC,"Efavirenz 200mg, scored tablets, 90 Tabs",Efavirenz,Generic,200mg,Tablet,90,5765,42084.5,7.3,0.08,"Strides, Bangalore, India.",Yes,350,2266,59.0
10881,110-ZM-T01,Pre-PQ Process,SO-752,DN-351,Zambia,PMO - US,From RDC,N/A - From RDC,,Pre-PQ Process,N/A - From RDC,12-Sep-07,12-Sep-07,12-Sep-07,ARV,Pediatric,SCMS from RDC,"Efavirenz 200mg, capsule, 90 Caps",Efavirenz,Generic,200mg,Capsule,90,1064,17024.0,16.0,0.18,"Aurobindo Unit III, India",Yes,128,944.21,27.24
83907,103-ZW-T30,FPQ-15197,SO-50010,DN-4243,Zimbabwe,PMO - US,From RDC,N/A - From RDC,Truck,10/16/2014,N/A - From RDC,30-Apr-15,30-Apr-15,30-Apr-15,ARV,Pediatric,SCMS from RDC,"Lamivudine/Nevirapine/Zidovudine 30/50/60mg, dispersible tablets, 60 Tabs",Lamivudine/Nevirapine/Zidovudine,Generic,30/50/60mg,Chewable/dispersible tablet - FDC,60,15935,57366.0,3.6,0.06,Mylan (formerly Matrix) Nashik,Yes,13469,16679.87,67.52
83199,107-RW-T30,FPQ-12190,SO-45392,DN-3480,Rwanda,PMO - US,From RDC,N/A - From RDC,Truck,5/6/2013,N/A - From RDC,31-Jan-14,22-Jan-14,31-Jan-14,ARV,Adult,SCMS from RDC,"Nevirapine 200mg, tablets, 60 Tabs",Nevirapine,Generic,200mg,Tablet,60,64000,144640.0,2.26,0.04,"Strides, Bangalore, India.",Yes,3887,21032.82,178.92
10857,104-CI-T01,Pre-PQ Process,SO-963,DN-323,Côte d'Ivoire,PMO - US,From RDC,N/A - From RDC,,Pre-PQ Process,N/A - From RDC,14-Sep-07,14-Sep-07,14-Sep-07,ARV,Adult,SCMS from RDC,"Stavudine 30mg, capsules, 60 Caps",Stavudine,Generic,30mg,Capsule,60,3285,4993.2,1.52,0.03,"Strides, Bangalore, India.",No,See DN-323 (ID#:10588),See DN-323 (ID#:10588),7.99
49919,108-VN-T30,FPQ-14516,SCMS-251670,ASN-29770,Vietnam,PMO - US,Direct Drop,EXW,Air,7/9/2014,8/8/2014,15-Jan-15,15-Jan-15,15-Jan-15,ARV,Adult,MYLAN LABORATORIES LTD (FORMERLY MATRIX LABORATORIES),"Lamivudine/Nevirapine/Zidovudine 150/200/300mg, tablets, 60 Tabs",Lamivudine/Nevirapine/Zidovudine,Generic,150/300/200mg,Tablet - FDC,60,7000,56700.0,8.1,0.13,Mylan (formerly Matrix) Nashik,Yes,974,1069.31,58.29
82538,101-CD-T30,FPQ-11054,SO-43680,DN-2981,"Congo, DRC",PMO - US,From RDC,N/A - From RDC,Air,11/16/2012,N/A - From RDC,11-Sep-13,11-Sep-13,11-Sep-13,ARV,Adult,SCMS from RDC,"Lamivudine/Zidovudine 150/300mg, tablets, 60 Tabs",Lamivudine/Zidovudine,Generic,150/300mg,Tablet - FDC,60,647,4703.69,7.27,0.12,Mylan (formerly Matrix) Nashik,Yes,5897,40434.04,5.82
84060,117-ET-T30,FPQ-7001,SO-38460,DN-2111,Ethiopia,PMO - US,From RDC,N/A - From RDC,Air,1/6/2011,N/A - From RDC,9-Feb-11,7-Feb-11,7-Feb-11,ARV,Adult,SCMS from RDC,"Tenofovir Disoproxil Fumarate 300mg, tablets, 30 Tabs",Tenofovir Disoproxil Fumarate,Generic,300mg,Tablet,30,6020,39551.4,6.57,0.22,"Aurobindo Unit III, India",Yes,542,3935.92,65.26
83976,104-CI-T30,FPQ-4378,SO-35800,DN-1642,Côte d'Ivoire,PMO - US,From RDC,N/A - From RDC,Air,10/15/2009,N/A - From RDC,6-Apr-10,15-Feb-10,15-Feb-10,ARV,Adult,SCMS from RDC,"Nevirapine 200mg, tablets, 60 Tabs",Nevirapine,Generic,200mg,Tablet,60,4319,11790.87,2.73,0.05,"Aurobindo Unit III, India",Yes,409,1083.3,23.11
81603,110-ZM-T30,FPQ-14130,SCMS-239720,ASN-26571,Zambia,PMO - US,Direct Drop,EXW,Air,4/22/2014,5/19/2014,23-Jul-14,23-Jul-14,17-Sep-14,HRDT,HIV test,"Orgenics, Ltd","HIV 1/2, Determine Complete HIV Kit, 100 Tests","HIV 1/2, Determine Complete HIV Kit",Determine,,Test kit,100,8000,640000.0,80.0,0.8,"Alere Medical Co., Ltd.",Yes,3247,41461.1,657.92
85144,104-CI-T30,FPQ-5201,SO-36300,DN-2000,Côte d'Ivoire,PMO - US,From RDC,N/A - From RDC,Air,3/3/2010,N/A - From RDC,14-Sep-10,6-Sep-10,6-Sep-10,ARV,Adult,SCMS from RDC,"Lamivudine/Zidovudine 150/300mg, tablets, 60 Tabs",Lamivudine/Zidovudine,Generic,150/300mg,Tablet - FDC,60,61920,542419.2,8.76,0.15,Hetero Unit III Hyderabad IN,Yes,5334,8815.65,1169.46
84290,113-ZW-T30,FPQ-11545,SO-44350,DN-3337,Zimbabwe,PMO - US,From RDC,N/A - From RDC,Truck,1/24/2013,N/A - From RDC,30-Sep-13,9-Oct-13,1-Nov-13,ARV,Adult,SCMS from RDC,"Lamivudine/Tenofovir Disoproxil Fumarate 300/300mg, tablets, 30 Tabs",Lamivudine/Tenofovir Disoproxil Fumarate,Generic,300/300mg,Tablet - FDC,30,131520,632611.2,4.81,0.16,Hetero Unit III Hyderabad IN,Yes,2277,12000,782.54
5281,108-VN-T01,Pre-PQ Process,SCMS-168,ASN-276,Vietnam,PMO - US,Direct Drop,EXW,Air,Pre-PQ Process,11/14/2006,14-Mar-07,14-Mar-07,14-Mar-07,ARV,Adult,Aurobindo Pharma Limited,"Abacavir 300mg, tablets, 60 Tabs",Abacavir,Generic,300mg,Tablet,60,700,30835.0,44.05,0.73,"Aurobindo Unit III, India",No,See ASN-276 (ID#:2686),See ASN-276 (ID#:2686),
10682,104-CI-T01,Pre-PQ Process,SO-1680,DN-673,Côte d'Ivoire,PMO - US,From RDC,N/A - From RDC,Air,Pre-PQ Process,N/A - From RDC,27-Mar-08,27-Mar-08,27-Mar-08,ARV,Adult,SCMS from RDC,"Abacavir 300mg, tablets, 60 Tabs",Abacavir,Generic,300mg,Tablet,60,374,10296.22,27.53,0.46,"Aurobindo Unit III, India",Yes,1118,2810.58,16.47
7276,117-ET-T01,Pre-PQ Process,SCMS-27810,ASN-2591,Ethiopia,PMO - US,Direct Drop,EXW,Air,Pre-PQ Process,7/31/2008,6-Oct-08,6-Oct-08,6-Oct-08,HRDT,HIV test,"Trinity Biotech, Plc","HIV 1/2, Uni-Gold HIV Kit, 20 Tests","HIV 1/2, Uni-Gold HIV Kit",Uni-Gold,,Test kit,20,4200,134400.0,32.0,1.6,"Trinity Biotech, Plc",Yes,1413,18180.65,215.04
55764,119-NA-T30,FPQ-4857,SCMS-62730,ASN-6358,Namibia,PMO - US,Direct Drop,EXW,Air,1/7/2010,1/8/2010,29-Apr-10,29-Apr-10,29-Apr-10,HRDT,HIV test,"Trinity Biotech, Plc","HIV 1/2, Uni-Gold HIV Kit, 20 Tests","HIV 1/2, Uni-Gold HIV Kit",Uni-Gold,,Test kit,20,2000,64000.0,32.0,1.6,"Trinity Biotech, Plc",Yes,687,17918.72,137.98
3840,104-CI-T01,Pre-PQ Process,SCMS-44820,ASN-4594,Côte d'Ivoire,PMO - US,Direct Drop,CIP,Air,Pre-PQ Process,4/24/2009,11-Aug-09,11-Aug-09,11-Aug-09,ARV,Adult,GLAXOSMITHKLINE EXPORT LIMITED,"Abacavir/Lamivudine/Zidovudine 300/150/300mg [Trizivir], tablets, 60 Tabs",Abacavir/Lamivudine/Zidovudine,Trizivir,300/150/300mg,Tablet - FDC,60,2048,109998.08,53.71,0.9,GSK Ware (UK),Yes,Weight Captured Separately,Freight Included in Commodity Cost,215.6
86632,110-ZM-T30,FPQ-12066,SO-45080,DN-3432,Zambia,PMO - US,From RDC,N/A - From RDC,Truck,4/19/2013,N/A - From RDC,24-Jan-14,24-Jan-14,31-Jan-14,ARV,Adult,SCMS from RDC,"Efavirenz/Emtricitabine/Tenofovir Disoproxil Fumarate 600/200/300mg, tablets, 30 Tabs",Efavirenz/Emtricitabine/Tenofovir Disoproxil Fumarate,Generic,600/200/300mg,Tablet - FDC,30,2424,29815.2,12.3,0.41,Mylan (formerly Matrix) Nashik,No,See DN-3432 (ID#:83739),See DN-3432 (ID#:83739),36.88
961,108-VN-T01,Pre-PQ Process,SCMS-37170,ASN-3562,Vietnam,PMO - US,Direct Drop,EXW,Air,Pre-PQ Process,1/16/2009,10-Apr-09,10-Apr-09,10-Apr-09,ARV,Adult,Aurobindo Pharma Limited,"Lamivudine 150mg, tablets, 60 Tabs",Lamivudine,Generic,150mg,Tablet,60,21000,50400.0,2.4,0.04,"Aurobindo Unit III, India",No,See ASN-3562 (ID#:960),See ASN-3562 (ID#:960),98.78
28265,102-BI-T30,FPQ-11512,SCMS-176910,ASN-19033,Burundi,PMO - US,Direct Drop,EXW,Air,1/29/2013,2/14/2013,3-May-13,3-May-13,3-May-13,HRDT,HIV test,"Orgenics, Ltd","HIV 1/2, Determine Complete HIV Kit, 100 Tests","HIV 1/2, Determine Complete HIV Kit",Determine,,Test kit,100,1560,124800.0,80.0,0.8,"Alere Medical Co., Ltd.",Yes,676,14189.02,154.38
12123,100-ZW-T01,Pre-PQ Process,SO-1207,DN-424,Zimbabwe,PMO - US,From RDC,N/A - From RDC,Air,Pre-PQ Process,N/A - From RDC,16-Nov-07,16-Nov-07,16-Nov-07,ARV,Adult,SCMS from RDC,"Lamivudine/Stavudine 150/30mg, tablets, 30 Tabs",Lamivudine/Stavudine,Generic,150/30mg,Tablet - FDC,30,1062,2124.0,2.0,0.07,"Cipla, Goa, India",No,See DN-424 (ID#:10905),See DN-424 (ID#:10905),3.4
31829,202-GT-T30,FPQ-6977,SCMS-96440,ASN-10408,Guatemala,PMO - US,Direct Drop,EXW,Air,1/3/2011,1/7/2011,17-Apr-11,17-Apr-11,17-Apr-11,ARV,Pediatric,GLAXOSMITHKLINE EXPORT LIMITED,"Zidovudine 10mg/ml [Retrovir], solution for IV infusion injection, Vial 5 x 20 ml",Zidovudine,Retrovir,10mg/ml,Injection,5,75,5265.0,70.2,14.04,GSK Barnard Castle UK,Yes,29,209.37,8.69
85629,114-UG-T30,FPQ-4065,SO-33180,DN-1429,Uganda,PMO - US,From RDC,N/A - From RDC,Air,8/6/2009,N/A - From RDC,8-Oct-09,8-Oct-09,8-Oct-09,ARV,Adult,SCMS from RDC,"Efavirenz 600mg, tablets, 30 Tabs",Efavirenz,Generic,600mg,Tablet,30,200,1370.0,6.85,0.23,"Aurobindo Unit III, India",Yes,18,1140.08,2.69
1673,116-ZA-T01,Pre-PQ Process,SCMS-19800,ASN-1665,South Africa,PMO - US,Direct Drop,DDP,Truck,Pre-PQ Process,2/20/2008,24-Apr-08,24-Apr-08,24-Apr-08,ARV,Adult,S. BUYS WHOLESALER,"Lopinavir/Ritonavir 133.3/33.3mg [Kaletra], capsules, cool, 2 x 90 Caps",Lopinavir/Ritonavir,Kaletra,133.3/33.3mg,Capsule,180,400,15760.0,39.4,0.22,ABBVIE (Abbott) Logis. UK,No,Weight Captured Separately,Freight Included in Commodity Cost,25.22
84117,110-ZM-T30,FPQ-7085,SO-38743,DN-2396,Zambia,PMO - US,From RDC,N/A - From RDC,Truck,2/3/2011,N/A - From RDC,10-Dec-11,9-Dec-11,9-Dec-11,ARV,Adult,SCMS from RDC,"Nevirapine 200mg, tablets, 60 Tabs",Nevirapine,Generic,200mg,Tablet,60,19200,48192.0,2.51,0.04,Mylan (formerly Matrix) Nashik,Yes,1936,9421.76,79.52
17348,116-ZA-T30,FPQ-5535,SCMS-71370,ASN-7373,South Africa,PMO - US,Direct Drop,DDP,Truck,4/19/2010,4/21/2010,31-May-10,31-May-10,31-May-10,ARV,Pediatric,S. BUYS WHOLESALER,"Efavirenz 50mg, capsule, 30 Caps",Efavirenz,Generic,50mg,Capsule,30,300,1046.28,3.49,0.12,"Aurobindo Unit III, India",Yes,Weight Captured Separately,Freight Included in Commodity Cost,2.26
12616,117-ET-T01,Pre-PQ Process,SO-33630,DN-1471,Ethiopia,PMO - US,From RDC,N/A - From RDC,Air,Date Not Captured,N/A - From RDC,6-Oct-09,6-Oct-09,6-Oct-09,ARV,Adult,SCMS from RDC,"Lamivudine 150mg, tablets, 60 Tabs",Lamivudine,Generic,150mg,Tablet,60,4275,10431.0,2.44,0.04,"Aurobindo Unit III, India",No,See DN-1471 (ID#:12015),See DN-1471 (ID#:12015),20.44
82461,107-RW-T30,FPQ-9238,SO-41440,DN-2584,Rwanda,PMO - US,From RDC,N/A - From RDC,Air,1/26/2012,N/A - From RDC,12-Mar-12,5-Mar-12,5-Mar-12,HRDT,HIV test,SCMS from RDC,"HIV 1/2, Uni-Gold HIV Kit, 20 Tests","HIV 1/2, Uni-Gold HIV Kit",Uni-Gold,,Test kit,20,1000,32000.0,32.0,1.6,"Trinity Biotech, Plc",Yes,334,3494.5,44.86
86084,102-ZW-T30,FPQ-13348,SO-47360,DN-3705,Zimbabwe,PMO - US,From RDC,N/A - From RDC,Truck,12/3/2013,N/A - From RDC,31-Jul-14,30-May-14,23-Jun-14,ARV,Adult,SCMS from RDC,"Efavirenz/Lamivudine/Tenofovir Disoproxil Fumarate 600/300/300mg, tablets, 30 Tabs",Efavirenz/Lamivudine/Tenofovir Disoproxil Fumarate,Generic,600/300/300mg,Tablet - FDC,30,132926,1482124.9,11.15,0.37,Hetero Unit III Hyderabad IN,Yes,17791,33707.41,1523.62
85020,151-NG-T30,FPQ-14156,SO-51030,DN-4170,Nigeria,PMO - US,From RDC,N/A - From RDC,Air Charter,4/25/2014,N/A - From RDC,2-Mar-15,10-Mar-15,17-Mar-15,ARV,Adult,SCMS from RDC,"Lamivudine/Zidovudine 150/300mg, tablets, 60 Tabs",Lamivudine/Zidovudine,Generic,150/300mg,Tablet - FDC,60,51431,335330.12,6.52,0.11,Hetero Unit III Hyderabad IN,Yes,19196,43055.82,344.72
23315,107-RW-T30,FPQ-15654,SCMS-272600,ASN-30399,Rwanda,PMO - US,Direct Drop,EXW,Air,12/23/2014,1/19/2015,17-Feb-15,17-Feb-15,17-Feb-15,ARV,Pediatric,EMCURE PHARMACEUTICALS LTD,"Atazanavir 150mg, capsules, 60 Caps",Atazanavir,Generic,150mg,Capsule,60,912,18240.0,20.0,0.33,"Emcure Plot No.P-2, I.T-B.T. Park, Phase II, MIDC, Hinjwadi, Pune, India",Yes,102,1600.98,21.47
68241,107-RW-T30,FPQ-8932,SCMS-129870,ASN-13372,Rwanda,PMO - US,Direct Drop,EXW,Air,12/6/2011,12/13/2011,24-Jan-12,25-Jan-12,25-Jan-12,ARV,Adult,Aurobindo Pharma Limited,"Lamivudine/Tenofovir Disoproxil Fumarate 300/300mg, tablets, 30 Tabs",Lamivudine/Tenofovir Disoproxil Fumarate,Generic,300/300mg,Tablet - FDC,30,48640,260224.0,5.35,0.18,"Aurobindo Unit VII, IN",Yes,4746,98521.56,364.83
84017,151-NG-T30,FPQ-5023,SO-36503,DN-1916,Nigeria,PMO - US,From RDC,N/A - From RDC,Air,2/10/2010,N/A - From RDC,15-Jul-10,28-Jun-10,28-Jun-10,ARV,Adult,SCMS from RDC,"Zidovudine 300mg, tablets, 60 Tabs",Zidovudine,Generic,300mg,Tablet,60,200,1500.0,7.5,0.12,"Aurobindo Unit III, India",Yes,11,Freight Included in Commodity Cost,3.23
83396,104-CI-T30,FPQ-4187,SO-33541,DN-1619,Côte d'Ivoire,PMO - US,From RDC,N/A - From RDC,Air,9/9/2009,N/A - From RDC,8-Feb-10,23-Jan-10,23-Jan-10,ARV,Pediatric,SCMS from RDC,"Zidovudine 10mg/ml, oral solution, Bottle, 240 ml",Zidovudine,Generic,10mg/ml,Oral solution,240,2691,5651.1,2.1,0.01,"Aurobindo Unit III, India",Yes,1021,5254.1,11.08
8463,116-ZA-T01,Pre-PQ Process,SCMS-23500,ASN-2293,South Africa,PMO - US,Direct Drop,DDP,Truck,Pre-PQ Process,Date Not Captured,20-Aug-08,8-May-08,8-May-08,ARV,Adult,S. BUYS WHOLESALER,"Stavudine 40mg [Zerit], capsules, 60 Caps",Stavudine,Zerit,40mg,Capsule,60,100,517.0,5.17,0.09,"BMS Meymac, France",No,Weight Captured Separately,Freight Included in Commodity Cost,0.83
11209,112-NG-T01,Pre-PQ Process,SO-567,DN-475,Nigeria,PMO - US,From RDC,N/A - From RDC,Air,Pre-PQ Process,N/A - From RDC,3-Dec-07,3-Dec-07,3-Dec-07,ARV,Pediatric,SCMS from RDC,"Nevirapine 10mg/ml, oral suspension, Bottle, 240 ml",Nevirapine,Generic,10mg/ml,Oral suspension,240,965,5983.0,6.2,0.03,"Aurobindo Unit III, India",No,See DN-475 (ID#:10642),See DN-475 (ID#:10642),9.57
11904,106-HT-T01,Pre-PQ Process,SO-15960,DN-946,Haiti,PMO - US,From RDC,N/A - From RDC,Air,Pre-PQ Process,N/A - From RDC,20-Oct-08,20-Oct-08,20-Oct-08,ARV,Adult,SCMS from RDC,"Efavirenz 600mg, tablets, 30 Tabs",Efavirenz,Generic,600mg,Tablet,30,27070,297770.0,11.0,0.37,"Aurobindo Unit III, India",No,See DN-946 (ID#:10983),See DN-946 (ID#:10983),476.43
86549,101-CD-T30,FPQ-11096,SO-43750,DN-3017,"Congo, DRC",PMO - US,From RDC,N/A - From RDC,Air,11/20/2012,N/A - From RDC,18-Mar-13,8-Aug-13,8-Aug-13,ARV,Pediatric,SCMS from RDC,"Didanosine 200mg, delayed-release capsules, 30 Caps",Didanosine,Generic,200mg,Delayed-release capsules,30,42,462.0,11.0,0.37,"Aurobindo Unit III, India",No,See DN-3017 (ID#:83108),See DN-3017 (ID#:83108),0.57
85579,111-MZ-T30,FPQ-14843,SO-49720,DN-4193,Mozambique,PMO - US,From RDC,N/A - From RDC,Truck,8/21/2014,N/A - From RDC,15-May-15,15-May-15,15-May-15,ARV,Adult,SCMS from RDC,"Lopinavir/Ritonavir 200/50mg [Aluvia], tablets, 120 Tabs",Lopinavir/Ritonavir,Aluvia,200/50mg,Tablet,120,30120,569268.0,18.9,0.16,ABBVIE Ludwigshafen Germany,Yes,6697,3995.94,585.21
86200,151-NG-T30,FPQ-14989,SO-49935,DN-4260,Nigeria,PMO - US,From RDC,N/A - From RDC,Air Charter,9/19/2014,N/A - From RDC,30-Jun-15,28-Apr-15,29-Apr-15,ARV,Adult,SCMS from RDC,"Lamivudine/Nevirapine/Zidovudine 150/200/300mg, tablets, 60 Tabs",Lamivudine/Nevirapine/Zidovudine,Generic,150/300/200mg,Tablet - FDC,60,150000,1158000.0,7.72,0.13,"Aurobindo Unit III, India",No,See DN-4260 (ID#:85596),See DN-4260 (ID#:85596),1190.42
60545,104-BW-T30,FPQ-15568,SCMS-275710,ASN-31392,Botswana,PMO - US,Direct Drop,EXW,Air,1/8/2015,2/6/2015,2-Jun-15,2-Jun-15,4-Jun-15,ARV,Adult,HETERO LABS LIMITED,"Efavirenz/Emtricitabine/Tenofovir Disoproxil Fumarate 600/200/300mg, tablets, 30 Tabs",Efavirenz/Emtricitabine/Tenofovir Disoproxil Fumarate,Generic,600/200/300mg,Tablet - FDC,30,32112,334928.16,10.43,0.35,"Hetero, Jadcherla, unit 5, IN",Yes,3989,19745.22,394.21
86491,110-ZM-T30,FPQ-9472,SO-41702,DN-2749,Zambia,PMO - US,From RDC,N/A - From RDC,Truck,3/8/2012,N/A - From RDC,23-Aug-12,30-Jul-12,30-Jul-12,ARV,Adult,SCMS from RDC,"Emtricitabine/Tenofovir Disoproxil Fumarate 200/300mg, tablets, 30 Tabs",Emtricitabine/Tenofovir Disoproxil Fumarate,Generic,200/300mg,Tablet - FDC,30,425,3021.75,7.11,0.24,Mylan (formerly Matrix) Nashik,No,See DN-2749 (ID#:84182),See DN-2749 (ID#:84182),4.24
84835,151-NG-T30,FPQ-11771,SO-44757,DN-3251,Nigeria,PMO - US,From RDC,N/A - From RDC,Air Charter,2/28/2013,N/A - From RDC,21-Aug-13,30-Jul-13,30-Jul-13,ARV,Adult,SCMS from RDC,"Lopinavir/Ritonavir 200/50mg, tablets, 120 Tabs",Lopinavir/Ritonavir,Generic,200/50mg,Tablet,120,63353,1330413.0,21.0,0.18,Mylan (formerly Matrix) Nashik,Yes,32671,Freight Included in Commodity Cost,1645.72
12796,110-ZM-T01,Pre-PQ Process,SO-2545,DN-779,Zambia,PMO - US,From RDC,N/A - From RDC,Air,Pre-PQ Process,N/A - From RDC,19-Jun-08,19-Jun-08,19-Jun-08,ARV,Adult,SCMS from RDC,"Lamivudine/Stavudine 150/30mg, tablets, 30 Tabs",Lamivudine/Stavudine,Generic,150/30mg,Tablet - FDC,30,81198,162396.0,2.0,0.07,"Cipla, Goa, India",Yes,4678,30610.2,259.83
31177,117-ET-T30,FPQ-9096,SCMS-133380,ASN-16134,Ethiopia,PMO - US,Direct Drop,EXW,Air,1/5/2012,1/23/2012,5-Sep-12,5-Sep-12,5-Sep-12,HRDT,HIV test,"CHEMBIO DIAGNOSTIC SYSTEMS, INC.","HIV 1/2, Stat-Pak HIV, Kit, 20 Tests","HIV 1/2, Stat-Pak HIV, Kit",Stat-Pak,,Test kit,20,44,1276.0,29.0,1.45,Chembio Diagnostics Sys. Inc.,Yes,15,218.75,1.79
82405,151-NG-T30,FPQ-7812,SO-39998,DN-2358,Nigeria,PMO - US,From RDC,N/A - From RDC,Air Charter,6/6/2011,N/A - From RDC,3-Nov-11,28-Sep-11,28-Sep-11,ARV,Adult,SCMS from RDC,"Lamivudine/Zidovudine 150/300mg, tablets, 60 Tabs",Lamivudine/Zidovudine,Generic,150/300mg,Tablet - FDC,60,3446,28463.96,8.26,0.14,Mylan (formerly Matrix) Nashik,Yes,6622,18495.9,46.97
27697,106-HT-T30,FPQ-14895,SCMS-261011,ASN-32761,Haiti,PMO - US,Direct Drop,EXW,Air,9/24/2014,11/14/2014,23-Jul-15,23-Jul-15,28-Jul-15,ARV,Adult,EMCURE PHARMACEUTICALS LTD,"Atazanavir/Ritonavir 300/100mg, tablets, 30 Tabs",Atazanavir/Ritonavir,Generic,300/100mg,Tablet,30,1052,18936.0,18.0,0.6,"Emcure Plot No.P-2, I.T-B.T. Park, Phase II, MIDC, Hinjwadi, Pune, India",Yes,138,1719.78,19.47
20631,111-MZ-T30,FPQ-14844,SCMS-260210,ASN-30569,Mozambique,PMO - US,Direct Drop,CIP,Air,8/27/2014,10/30/2014,16-Feb-15,16-Feb-15,12-Mar-15,ARV,Adult,JANSSEN SCIENCES IRELAND UC (FORMERLY JANSSEN R&D IRELAND),"Darunavir 600mg [Prezista], tablets, 60 Tabs",Darunavir,Prezista,600mg,Tablet,60,276,14904.0,54.0,0.9,"Janssen-Cilag, Latina, IT",Yes,Weight Captured Separately,Freight Included in Commodity Cost,15.32
81509,105-SS-T30,FPQ-14470,SCMS-245250,ASN-27328,South Sudan,PMO - US,Direct Drop,EXW,Air,6/17/2014,6/30/2014,3-Oct-14,3-Oct-14,12-Nov-14,HRDT,HIV test,"Orgenics, Ltd","HIV 1/2, Determine Complete HIV Kit, 100 Tests","HIV 1/2, Determine Complete HIV Kit",Determine,,Test kit,100,350,31150.0,89.0,0.89,"Alere Medical Co., Ltd.",No,See ASN-27328 (ID#:27829),See ASN-27328 (ID#:27829),32.02
28545,144-BW-T30,FPQ-4207,SCMS-41860,ASN-5606,Botswana,PMO - US,Direct Drop,EXW,Air,3/10/2009,3/25/2009,5-Feb-10,5-Feb-10,5-Feb-10,HRDT,HIV test,Orasure Technologies Inc.,"HIV 1/2, OraQuick Advance HIV Rapid Antibody Kit, 100 Tests","HIV 1/2, OraQuick Advance HIV Rapid Antibody Kit",OraQuick,,Test kit,100,20,7000.0,350.0,3.5,"Pacific Biotech, Thailand",Yes,48,1716.47,13.72
85731,151-NG-T30,FPQ-6243,SO-38320,DN-2090,Nigeria,PMO - US,From RDC,N/A - From RDC,Air Charter,8/25/2010,N/A - From RDC,22-Feb-11,16-Feb-11,16-Feb-11,ARV,Adult,SCMS from RDC,"Efavirenz/Emtricitabine/Tenofovir Disoproxil Fumarate 600/200/300mg, tablets, 30 Tabs",Efavirenz/Emtricitabine/Tenofovir Disoproxil Fumarate,Generic,600/200/300mg,Tablet - FDC,30,43638,869268.96,19.92,0.66,Mylan (formerly Matrix) Nashik,No,See DN-2090 (ID#:82366),See DN-2090 (ID#:82366),1874.14
85047,114-UG-T30,FPQ-15294,SO-50055,DN-4325,Uganda,PMO - US,From RDC,N/A - From RDC,Truck,11/3/2014,N/A - From RDC,14-Aug-15,8-Aug-15,10-Aug-15,ARV,Adult,SCMS from RDC,"Lopinavir/Ritonavir 200/50mg [Aluvia], tablets, 120 Tabs",Lopinavir/Ritonavir,Aluvia,200/50mg,Tablet,120,8452,157545.28,18.64,0.16,ABBVIE Ludwigshafen Germany,No,See DN-4325 (ID#:82815),See DN-4325 (ID#:82815),185.43
84849,103-ZW-T30,FPQ-12086,SO-45131,DN-3319,Zimbabwe,PMO - US,From RDC,N/A - From RDC,Truck,4/19/2013,N/A - From RDC,30-Sep-13,20-Sep-13,20-Sep-13,ARV,Pediatric,SCMS from RDC,"Abacavir 20mg/ml, oral solution w/syringe, Bottle, 240 ml",Abacavir,Generic,20mg/ml,Oral solution,240,435,5254.8,12.08,0.05,"Aurobindo Unit III, India",Yes,116,3100,6.5
49406,109-TZ-T30,FPQ-13945,SCMS-235430,ASN-28430,Tanzania,PMO - US,Direct Drop,EXW,Air,3/27/2014,4/29/2014,10-Dec-14,10-Dec-14,10-Dec-14,HRDT,HIV test,"Orgenics, Ltd","HIV 1/2, Determine Complete HIV Kit, 100 Tests","HIV 1/2, Determine Complete HIV Kit",Determine,,Test kit,100,504,40320.0,80.0,0.8,"Alere Medical Co., Ltd.",Yes,204,2788.07,41.45
84342,104-CI-T30,FPQ-12800,SO-46361,DN-3567,Côte d'Ivoire,PMO - US,From RDC,N/A - From RDC,Air,8/9/2013,N/A - From RDC,28-Mar-14,26-Mar-14,28-Apr-14,ARV,Pediatric,SCMS from RDC,"Zidovudine 10mg/ml, oral solution w/syringe, Bottle, 240 ml",Zidovudine,Generic,10mg/ml,Oral solution,240,2867,6020.7,2.1,0.01,"Aurobindo Unit III, India",Yes,5752,18607.76,7.45
84104,106-HT-T30,FPQ-6801,SO-38213,DN-2310,Haiti,PMO - US,From RDC,N/A - From RDC,Air,12/14/2010,N/A - From RDC,19-Jul-11,11-Aug-11,11-Aug-11,ARV,Adult,SCMS from RDC,"Lamivudine/Zidovudine 150/300mg, tablets, 60 Tabs",Lamivudine/Zidovudine,Generic,150/300mg,Tablet - FDC,60,30000,256500.0,8.55,0.14,"Aurobindo Unit III, India",No,See DN-2310 (ID#:82968),See DN-2310 (ID#:82968),423.22
86637,109-TZ-T30,FPQ-12587,SO-45997,DN-3477,Tanzania,PMO - US,From RDC,N/A - From RDC,Truck,7/4/2013,N/A - From RDC,31-Jan-14,7-Mar-14,12-Mar-14,ARV,Pediatric,SCMS from RDC,"Lamivudine/Nevirapine/Stavudine 60/100/12mg, dispersible tablets, 60 Tabs",Lamivudine/Nevirapine/Stavudine,Generic,60/100/12mg,Chewable/dispersible tablet - FDC,60,3879,16679.7,4.3,0.07,"Cipla, Goa, India",No,See DN-3477 (ID#:86029),See DN-3477 (ID#:86029),20.63
1954,108-VN-T01,Pre-PQ Process,SCMS-27290,ASN-2854,Vietnam,PMO - US,Direct Drop,FCA,Air,Pre-PQ Process,7/24/2008,2-Dec-08,2-Dec-08,2-Dec-08,ARV,Adult,ABBVIE LOGISTICS (FORMERLY ABBOTT LOGISTICS BV),"Lopinavir/Ritonavir 200/50mg [Aluvia], tablets, 120 Tabs",Lopinavir/Ritonavir,Aluvia,200/50mg,Tablet,120,434,35674.8,82.2,0.68,ABBVIE Ludwigshafen Germany,Yes,113,2709.98,69.92
82582,110-ZM-T30,FPQ-11553,SO-44474,DN-3166,Zambia,PMO - US,From RDC,N/A - From RDC,Truck,1/28/2013,N/A - From RDC,25-Jun-13,7-Jun-13,7-Jun-13,ARV,Adult,SCMS from RDC,"Nevirapine 200mg, tablets, 60 Tabs",Nevirapine,Generic,200mg,Tablet,60,3480,7864.8,2.26,0.04,"Cipla, Goa, India",Yes,424,11941.65,9.73
82863,104-CI-T30,FPQ-4378,SO-34412,DN-1671,Côte d'Ivoire,PMO - US,From RDC,N/A - From RDC,Air,10/15/2009,N/A - From RDC,9-Mar-10,10-Mar-10,10-Mar-10,ARV,Adult,SCMS from RDC,"Lamivudine 150mg, tablets, 60 Tabs",Lamivudine,Generic,150mg,Tablet,60,8010,19544.4,2.44,0.04,"Aurobindo Unit III, India",Yes,5350,4519.97,38.31
3313,110-ZM-T01,Pre-PQ Process,SCMS-27790,ASN-2641,Zambia,PMO - US,Direct Drop,EXW,Air,Pre-PQ Process,7/31/2008,20-Oct-08,20-Oct-08,20-Oct-08,HRDT,HIV test - Ancillary,"Orgenics, Ltd","HIV, Lancet, Safety, for HIV Test kits, 100 Pcs","HIV, Lancet, Safety, for HIV Test kits, 100 Pcs",Generic,,Test kit - Ancillary,100,4500,45.0,0.01,0.0,Inverness Japan,No,See ASN-2641 (ID#:670),See ASN-2641 (ID#:670),0.09
83033,113-ZW-T30,FPQ-8464,SO-40870,DN-2656,Zimbabwe,PMO - US,From RDC,N/A - From RDC,Truck,10/4/2011,N/A - From RDC,12-Jun-12,25-May-12,25-May-12,ARV,Adult,SCMS from RDC,"Efavirenz 600mg, tablets, 30 Tabs",Efavirenz,Generic,600mg,Tablet,30,17422,68120.02,3.91,0.13,"Strides, Bangalore, India.",No,See DN-2656 (ID#:83032),See DN-2656 (ID#:83032),112.4
84125,109-TZ-T30,FPQ-8301,SO-40550,DN-2446,Tanzania,PMO - US,From RDC,N/A - From RDC,Truck,9/2/2011,N/A - From RDC,10-Jan-12,22-Dec-11,22-Dec-11,ARV,Adult,SCMS from RDC,"Efavirenz/Lamivudine/Tenofovir Disoproxil Fumarate 600/300/300mg, tablets, 30 Tabs",Efavirenz/Lamivudine/Tenofovir Disoproxil Fumarate,Generic,600/300/300mg,Tablet - FDC,30,20000,341600.0,17.08,0.57,Mylan (formerly Matrix) Nashik,Yes,2302,Freight Included in Commodity Cost,563.64
10542,113-ZW-T01,Pre-PQ Process,SO-253,DN-5,Zimbabwe,PMO - US,From RDC,N/A - From RDC,,Pre-PQ Process,N/A - From RDC,6-Feb-07,6-Feb-07,6-Feb-07,ARV,Adult,SCMS from RDC,"Efavirenz 600mg, tablets, 30 Tabs",Efavirenz,Generic,600mg,Tablet,30,1050,17062.5,16.25,0.54,"Aurobindo Unit III, India",Yes,90,1428.67,
82635,113-ZW-T30,FPQ-11545,SO-44362,DN-3487,Zimbabwe,PMO - US,From RDC,N/A - From RDC,Truck,1/24/2013,N/A - From RDC,31-Jan-14,10-Feb-14,19-Mar-14,ARV,Adult,SCMS from RDC,"Lamivudine/Tenofovir Disoproxil Fumarate 300/300mg, tablets, 30 Tabs",Lamivudine/Tenofovir Disoproxil Fumarate,Generic,300/300mg,Tablet - FDC,30,8609,41409.29,4.81,0.16,"Cipla, Kurkumbh, India",Yes,873,15000,51.22
85396,111-MZ-T30,FPQ-11033,SO-43780,DN-3281,Mozambique,PMO - US,From RDC,N/A - From RDC,Truck,11/12/2012,N/A - From RDC,27-Sep-13,27-Sep-13,27-Sep-13,ARV,Adult,SCMS from RDC,"Lamivudine/Nevirapine/Stavudine 150/200/30mg, tablets, 60 Tabs",Lamivudine/Nevirapine/Stavudine,Generic,150/200/30mg,Tablet - FDC,60,13100,61570.0,4.7,0.08,"Strides, Bangalore, India.",No,See DN-3281 (ID#:82599),See DN-3281 (ID#:82599),76.16
6111,117-ET-T01,Pre-PQ Process,SCMS-32630,ASN-3157,Ethiopia,PMO - US,Direct Drop,EXW,Air,Pre-PQ Process,10/27/2008,26-Jan-09,26-Jan-09,26-Jan-09,HRDT,HIV test,"SHANGHAI KEHUA BIOENGINEERING CO.,LTD.  (KHB)","HIV 1/2, SKB Colloidal Gold, Diagnostic Kit, Antibody, 50 Tests","HIV 1/2, Colloidal Gold, Diagnostic Kit, Antibody",Colloidal Gold,,Test kit,1,3510,80730.0,23.0,23.0,"KHB Test Kit Facility, Shanghai China",Yes,2535,20083.74,158.23
81495,106-HT-T30,FPQ-6194,SCMS-85980,ASN-8600,Haiti,PMO - US,Direct Drop,EXW,Air,8/7/2010,9/24/2010,12-Nov-10,12-Nov-10,12-Nov-10,HRDT,HIV test,"SHANGHAI KEHUA BIOENGINEERING CO.,LTD.  (KHB)","HIV 1/2, SKB Colloidal Gold, Diagnostic Kit, Antibody, 50 Tests","HIV 1/2, Colloidal Gold, Diagnostic Kit, Antibody",Colloidal Gold,,Test kit,1,40,920.0,23.0,23.0,"KHB Test Kit Facility, Shanghai China",Yes,30,835.01,1.98
85313,151-NG-T30,FPQ-9968,SO-42681,DN-2900,Nigeria,PMO - US,From RDC,N/A - From RDC,Air,5/23/2012,N/A - From RDC,6-Nov-12,6-Nov-12,6-Nov-12,ARV,Adult,SCMS from RDC,"Lamivudine/Zidovudine 150/300mg, tablets, 60 Tabs",Lamivudine/Zidovudine,Generic,150/300mg,Tablet - FDC,60,11597,89528.84,7.72,0.13,Mylan (formerly Matrix) Nashik,No,See DN-2900 (ID#:84199),See DN-2900 (ID#:84199),125.52
56550,109-TZ-T30,FPQ-3782,SCMS-47741,ASN-5095,Tanzania,PMO - US,Direct Drop,FCA,Air,6/11/2009,6/23/2009,17-Nov-09,17-Nov-09,17-Nov-09,ARV,Adult,ABBVIE LOGISTICS (FORMERLY ABBOTT LOGISTICS BV),"Ritonavir 100mg [Norvir], capsules, cool, 4 x 84 Caps",Ritonavir,Norvir,100mg,Capsule,336,645,24742.2,38.36,0.11,ABBVIE (Abbott) Logis. UK,Yes,1210,7015.04,48.49
28542,161-ZA-T30,FPQ-6262,SCMS-83770,ASN-9945,South Africa,PMO - US,Direct Drop,DDP,Ocean,8/31/2010,9/24/2010,7-Apr-11,26-Apr-11,26-Apr-11,ARV,Adult,Aurobindo Pharma Limited,"Zidovudine 300mg, tablets, 60 Tabs",Zidovudine,Generic,300mg,Tablet,60,17470,128055.1,7.33,0.12,"Aurobindo Unit III, India",Yes,7765,4835.17,276.09
86139,104-CI-T30,FPQ-13628,SO-49880,DN-3966,Côte d'Ivoire,PMO - US,From RDC,N/A - From RDC,Truck,1/29/2014,N/A - From RDC,31-Oct-14,17-Oct-14,7-Nov-14,ARV,Adult,SCMS from RDC,"Tenofovir Disoproxil Fumarate 300mg, tablets, 30 Tabs",Tenofovir Disoproxil Fumarate,Generic,300mg,Tablet,30,2095,7583.9,3.62,0.12,Mylan (formerly Matrix) Nashik,No,See DN-3966 (ID#:82739),See DN-3966 (ID#:82739),7.8
22045,106-HT-T30,FPQ-11443,SCMS-180940,ASN-19819,Haiti,PMO - US,Direct Drop,EXW,Ocean,2/7/2013,3/22/2013,2-Sep-13,2-Sep-13,2-Sep-13,ARV,Adult,Aurobindo Pharma Limited,"Lamivudine/Zidovudine 150/300mg, tablets, 60 Tabs",Lamivudine/Zidovudine,Generic,150/300mg,Tablet - FDC,60,14520,99026.4,6.82,0.11,"Aurobindo Unit III, India",No,See ASN-19819 (ID#:13739),See ASN-19819 (ID#:13739),122.5
71649,116-ZA-T30,FPQ-11828,SCMS-183950,ASN-19166,South Africa,South Africa Field Office,Direct Drop,DDP,Truck,3/18/2013,Date Not Captured,16-Apr-13,16-Apr-13,16-Apr-13,ARV,Adult,S. BUYS WHOLESALER,"Didanosine 400mg, delayed-release capsules, 30 Caps",Didanosine,Generic,400mg,Delayed-release capsules,30,14,278.66,19.9,0.66,"Aurobindo Unit III, India",No,Weight Captured Separately,Freight Included in Commodity Cost,0.34
82912,114-UG-T30,FPQ-5451,SO-36831,DN-1988,Uganda,PMO - US,From RDC,N/A - From RDC,Air,5/7/2010,N/A - From RDC,30-Aug-10,23-Aug-10,23-Aug-10,ARV,Adult,SCMS from RDC,"Lamivudine/Nevirapine/Zidovudine 150/200/300mg, tablets, 60 Tabs",Lamivudine/Nevirapine/Zidovudine,Generic,150/300/200mg,Tablet - FDC,60,16347,183413.34,11.22,0.19,Mylan (formerly Matrix) Nashik,Yes,2098,10620,395.44
1618,111-MZ-T01,Pre-PQ Process,SCMS-17800,ASN-1368,Mozambique,PMO - US,Direct Drop,EXW,Air,Pre-PQ Process,2/19/2008,27-Mar-08,27-Mar-08,27-Mar-08,HRDT,HIV test,"Trinity Biotech, Plc","HIV 1/2, Uni-Gold HIV Kit, 20 Tests","HIV 1/2, Uni-Gold HIV Kit",Uni-Gold,,Test kit,20,9000,288000.0,32.0,1.6,"Trinity Biotech, Plc",Yes,9000,55746.59,460.8
84050,151-NG-T30,FPQ-5688,SO-37500,DN-2025,Nigeria,PMO - US,From RDC,N/A - From RDC,Air,5/27/2010,N/A - From RDC,22-Oct-10,10-Nov-10,10-Nov-10,ARV,Adult,SCMS from RDC,"Lamivudine/Zidovudine 150/300mg, tablets, 60 Tabs",Lamivudine/Zidovudine,Generic,150/300mg,Tablet - FDC,60,72023,615796.65,8.55,0.14,"Aurobindo Unit III, India",No,See DN-2025 (ID#:83460),See DN-2025 (ID#:83460),1327.66
79375,116-ZA-T30,FPQ-13973,SCMS-238556,ASN-31854,South Africa,PMO - US,Direct Drop,DDP,Truck,4/30/2014,4/28/2015,28-Apr-15,28-Apr-15,28-Apr-15,ARV,Adult,PHARMACY DIRECT,"Abacavir 300mg, tablets, 60 Tabs",Abacavir,Generic,300mg,Tablet,60,19,1310.81,68.99,1.15,"Aurobindo Unit III, India",No,Weight Captured Separately,Freight Included in Commodity Cost,1.35
11286,113-ZW-T01,Pre-PQ Process,SO-11210,DN-857,Zimbabwe,PMO - US,From RDC,N/A - From RDC,Truck,Pre-PQ Process,N/A - From RDC,26-Jul-08,26-Jul-08,26-Jul-08,ARV,Adult,SCMS from RDC,"Efavirenz 600mg, tablets, 30 Tabs",Efavirenz,Generic,600mg,Tablet,30,4000,48040.0,12.01,0.4,"Aurobindo Unit III, India",Yes,342,1648.64,76.86
48765,102-KE-T30,FPQ-4587,SCMS-58380,ASN-5900,Kenya,PMO - US,Direct Drop,EXW,Air,11/18/2009,12/2/2009,16-Feb-10,19-Feb-10,19-Feb-10,HRDT,HIV test,"Orgenics, Ltd","HIV 1/2, Determine Complete HIV Kit, 100 Tests","HIV 1/2, Determine Complete HIV Kit",Determine,,Test kit,100,1,80.0,80.0,0.8,Inverness Japan,Yes,822,8664.89,0.17
82859,113-ZW-T30,FPQ-4694,SO-35390,DN-1659,Zimbabwe,PMO - US,From RDC,N/A - From RDC,Truck,12/8/2009,N/A - From RDC,31-Mar-10,12-Mar-10,12-Mar-10,ARV,Adult,SCMS from RDC,"Zidovudine 300mg, tablets, 60 Tabs",Zidovudine,Generic,300mg,Tablet,60,5880,44276.4,7.53,0.13,Hetero Unit III Hyderabad IN,Yes,679,3302.14,95.46
71316,108-VN-T30,FPQ-15292,SCMS-268410,ASN-30672,Vietnam,PMO - US,Direct Drop,FCA,Air,12/5/2014,12/18/2014,19-Mar-15,19-Mar-15,19-Mar-15,ARV,Adult,ABBVIE LOGISTICS (FORMERLY ABBOTT LOGISTICS BV),"Lopinavir/Ritonavir 200/50mg [Aluvia], tablets, 120 Tabs",Lopinavir/Ritonavir,Aluvia,200/50mg,Tablet,120,5000,304000.0,60.8,0.51,ABBVIE Ludwigshafen Germany,No,See ASN-30672 (ID#:40443),See ASN-30672 (ID#:40443),357.81
67717,108-VN-T30,FPQ-5317,SCMS-69250,ASN-7661,Vietnam,PMO - US,Direct Drop,EXW,Air,3/22/2010,3/25/2010,13-Aug-10,13-Aug-10,13-Aug-10,ARV,Adult,Aurobindo Pharma Limited,"Stavudine 30mg, capsules, 60 Caps",Stavudine,Generic,30mg,Capsule,60,21504,30105.6,1.4,0.02,"Aurobindo Unit III, India",No,See ASN-7661 (ID#:21752),See ASN-7661 (ID#:21752),64.91
6932,102-NG-T01,Pre-PQ Process,SCMS-16880,ASN-1354,Nigeria,PMO - US,Direct Drop,EXW,Air,Pre-PQ Process,1/7/2008,21-Apr-08,29-Feb-08,29-Feb-08,HRDT,HIV test,"CHEMBIO DIAGNOSTIC SYSTEMS, INC.","HIV 1/2, Stat-Pak HIV, Kit, 20 Tests","HIV 1/2, Stat-Pak HIV, Kit",Stat-Pak,,Test kit,20,9380,253260.0,27.0,1.35,Chembio Diagnostics Sys. Inc.,Yes,3058,18750.2,405.22
82399,114-UG-T30,FPQ-7166,SO-38871,DN-2334,Uganda,PMO - US,From RDC,N/A - From RDC,Air,2/11/2011,N/A - From RDC,31-Aug-11,14-Sep-11,14-Sep-11,ARV,Pediatric,SCMS from RDC,"Nevirapine 10mg/ml, oral suspension w/syringe, Bottle, 240 ml",Nevirapine,Generic,10mg/ml,Oral suspension,240,11326,22085.7,1.95,0.01,"Aurobindo Unit III, India",Yes,4274,24213.81,36.44
64335,111-MZ-T30,FPQ-4739,SCMS-62690,ASN-5953,Mozambique,PMO - US,Direct Drop,EXW,Air,12/10/2009,1/8/2010,23-Feb-10,23-Feb-10,23-Feb-10,HRDT,HIV test,"Trinity Biotech, Plc","HIV 1/2, Uni-Gold HIV Kit, 20 Tests","HIV 1/2, Uni-Gold HIV Kit",Uni-Gold,,Test kit,20,2400,76800.0,32.0,1.6,"Trinity Biotech, Plc",No,See ASN-5953 (ID#:39606),See ASN-5953 (ID#:39606),165.58
75114,108-VN-T30,FPQ-5317,SCMS-69430,ASN-7236,Vietnam,PMO - US,Direct Drop,EXW,Air,3/22/2010,3/26/2010,6-Jul-10,6-Jul-10,6-Jul-10,ARV,Adult,CIPLA LIMITED,"Lamivudine/Nevirapine/Stavudine 150/200/30mg, tablets, 60 Tabs",Lamivudine/Nevirapine/Stavudine,Generic,150/200/30mg,Tablet - FDC,60,49920,284044.8,5.69,0.09,"Cipla, Goa, India",Yes,4799,10959.54,612.4
38396,901-CM-T30,FPQ-12837,SCMS-204300,ASN-21700,Cameroon,PMO - US,Direct Drop,EXW,Air,8/19/2013,8/23/2013,18-Oct-13,18-Oct-13,18-Oct-13,ARV,Adult,Aurobindo Pharma Limited,"Nevirapine 200mg, tablets, 60 Tabs",Nevirapine,Generic,200mg,Tablet,60,38976,87696.0,2.25,0.04,"Aurobindo Unit III, India",Yes,4117,35943.58,108.48
54529,116-ZA-T30,FPQ-15269,SCMS-267020,ASN-29764,South Africa,PMO - US,Direct Drop,DDP,Truck,10/29/2014,12/10/2014,10-Dec-14,10-Dec-14,10-Dec-14,ARV,Pediatric,S. BUYS WHOLESALER,"Efavirenz 200mg, capsule, 90 Caps",Efavirenz,Generic,200mg,Capsule,90,77,1608.43,20.89,0.23,"Aurobindo Unit III, India",No,Weight Captured Separately,Freight Included in Commodity Cost,1.89
84658,100-GH-T30,FPQ-7799,SO-39980,DN-2262,Ghana,PMO - US,From RDC,N/A - From RDC,Air,6/6/2011,N/A - From RDC,4-Jul-11,9-Jun-11,9-Jun-11,ARV,Adult,SCMS from RDC,"Tenofovir Disoproxil Fumarate 300mg, tablets, 30 Tabs",Tenofovir Disoproxil Fumarate,Generic,300mg,Tablet,30,1086,6972.12,6.42,0.21,"Aurobindo Unit III, India",Yes,90,226.25,11.5
85932,114-UG-T30,FPQ-11143,SO-43961,DN-3001,Uganda,PMO - US,From RDC,N/A - From RDC,Air,12/13/2012,N/A - From RDC,22-Feb-13,20-Feb-13,20-Feb-13,ARV,Adult,SCMS from RDC,"Efavirenz 600mg, tablets, 30 Tabs",Efavirenz,Generic,600mg,Tablet,30,9354,33300.24,3.56,0.12,"Aurobindo Unit III, India",No,See DN-3001 (ID#:83651),See DN-3001 (ID#:83651),41.19
10679,102-KE-T01,Pre-PQ Process,SO-1740,DN-829,Kenya,PMO - US,From RDC,N/A - From RDC,Truck,Pre-PQ Process,N/A - From RDC,31-Mar-08,31-Mar-08,31-Mar-08,HRDT,HIV test,SCMS from RDC,"HIV, Bioline HIV 1/2 3.0 Kit, [DON] 25 Tests","HIV, Bioline HIV 1/2 3.0 Kit",Bioline,,Test kit,25,3,0.03,0.01,0.0,"Standard Diagnostics, Korea",Yes,3,99,0.0
10355,116-ZA-T01,Pre-PQ Process,SCMS-41230,ASN-3758,South Africa,PMO - US,Direct Drop,DDP,Air,Pre-PQ Process,Date Not Captured,1-Apr-09,11-Feb-09,11-Feb-09,ARV,Adult,S. BUYS WHOLESALER,"Emtricitabine/Tenofovir Disoproxil Fumarate 200/300mg [Truvada], tablets, 30 Tabs",Emtricitabine/Tenofovir Disoproxil Fumarate,Truvada,300/200mg,Tablet - FDC,30,80,2542.4,31.78,1.06,"Aspen-OSD, Port Elizabeth, SA",Yes,Weight Captured Separately,Freight Included in Commodity Cost,4.98
7009,116-ZA-T01,Pre-PQ Process,SCMS-19800,ASN-1665,South Africa,PMO - US,Direct Drop,DDP,Truck,Pre-PQ Process,2/20/2008,24-Apr-08,24-Apr-08,24-Apr-08,ARV,Pediatric,S. BUYS WHOLESALER,"Zidovudine 10mg/ml [Retrovir], oral solution, Bottle, 200 ml",Zidovudine,Retrovir,10mg/ml,Oral solution,200,100,676.0,6.76,0.03,GSK Mississauga (Canada),No,Weight Captured Separately,Freight Included in Commodity Cost,1.08
48729,116-ZA-T30,FPQ-14942,SCMS-259076,ASN-32525,South Africa,PMO - US,Direct Drop,DDP,Truck,9/11/2014,6/2/2015,2-Jun-15,2-Jun-15,2-Jun-15,ARV,Adult,PHARMACY DIRECT,"Etravirine 100mg [Intelence], tablets, 120 Tabs",Etravirine,Intelence,100mg,Tablet,120,1,25.59,25.59,0.21,"Janssen-Cilag, Latina, IT",Yes,Weight Captured Separately,Freight Included in Commodity Cost,0.03
10539,112-NG-T01,Pre-PQ Process,SO-328,DN-22,Nigeria,PMO - US,From RDC,N/A - From RDC,,Pre-PQ Process,N/A - From RDC,22-Feb-07,22-Feb-07,22-Feb-07,ARV,Adult,SCMS from RDC,"Lamivudine/Zidovudine+Nevirapine 150/300+200mg, tablets, co-blister, 60+60 Tabs",Lamivudine/Zidovudine+Nevirapine,Generic,150/300+200mg,Tablet - FDC + co-blister,120,5151,105595.5,20.5,0.17,"Aspen-OSD, Port Elizabeth, SA",Yes,667,2921,
79646,109-TZ-T30,FPQ-11427,SCMS-175460,ASN-18603,Tanzania,PMO - US,Direct Drop,EXW,Air,1/15/2013,2/20/2013,23-Apr-13,23-Apr-13,23-Apr-13,ARV,Adult,MYLAN LABORATORIES LTD (FORMERLY MATRIX LABORATORIES),"Atazanavir/Ritonavir 300/100mg, tablets, 30 Tabs",Atazanavir/Ritonavir,Generic,300/100mg,Tablet,30,12830,288675.0,22.5,0.75,Mylan (formerly Matrix) Nashik,Yes,1710,8344.86,357.09
82613,101-CD-T30,FPQ-12033,SO-45021,DN-3373,"Congo, DRC",PMO - US,From RDC,N/A - From RDC,Air,4/8/2013,N/A - From RDC,31-Oct-13,27-Jan-14,4-Mar-14,ARV,Adult,SCMS from RDC,"Zidovudine 300mg, tablets, 60 Tabs",Zidovudine,Generic,300mg,Tablet,60,10916,71390.64,6.54,0.11,"Aurobindo Unit III, India",Yes,652,8242.72,88.31
84627,114-UG-T30,FPQ-7166,SO-38890,DN-2135,Uganda,PMO - US,From RDC,N/A - From RDC,Air,2/11/2011,N/A - From RDC,18-Apr-11,15-Mar-11,15-Mar-11,ARV,Adult,SCMS from RDC,"Zidovudine 300mg, tablets, 60 Tabs",Zidovudine,Generic,300mg,Tablet,60,46113,332474.73,7.21,0.12,"Aurobindo Unit III, India",Yes,2534,16629.49,548.58
65732,109-TZ-T30,FPQ-3782,SCMS-47740,ASN-4636,Tanzania,PMO - US,Direct Drop,FCA,Air,6/11/2009,6/23/2009,9-Sep-09,9-Sep-09,9-Sep-09,ARV,Adult,ABBVIE LOGISTICS (FORMERLY ABBOTT LOGISTICS BV),"Ritonavir 100mg [Norvir], capsules, cool, 4 x 84 Caps",Ritonavir,Norvir,100mg,Capsule,336,160,6137.6,38.36,0.11,ABBVIE (Abbott) Logis. UK,Yes,325,2278.11,12.03
85683,151-NG-T30,FPQ-4537,SO-35081,DN-1906,Nigeria,PMO - US,From RDC,N/A - From RDC,Air,11/6/2009,N/A - From RDC,21-Jul-10,28-Jun-10,28-Jun-10,ARV,Adult,SCMS from RDC,"Lamivudine/Tenofovir Disoproxil Fumarate 300/300mg, tablets, 30 Tabs",Lamivudine/Tenofovir Disoproxil Fumarate,Generic,300/300mg,Tablet - FDC,30,75159,751590.0,10.0,0.33,Mylan (formerly Matrix) Nashik,Yes,6773,Freight Included in Commodity Cost,1620.43
38409,109-TZ-T30,FPQ-6936,SCMS-100640,ASN-10166,Tanzania,PMO - US,Direct Drop,EXW,Air,12/27/2010,2/25/2011,26-Apr-11,26-Apr-11,26-Apr-11,HRDT,HIV test,"Trinity Biotech, Plc","HIV 1/2, Uni-Gold HIV Kit, 20 Tests","HIV 1/2, Uni-Gold HIV Kit",Uni-Gold,,Test kit,20,625,20000.0,32.0,1.6,"Trinity Biotech, Plc",Yes,200,2918.12,33.0
11810,100-ZW-T01,Pre-PQ Process,SO-1150,DN-425,Zimbabwe,PMO - US,From RDC,N/A - From RDC,Air,Pre-PQ Process,N/A - From RDC,16-Nov-07,16-Nov-07,16-Nov-07,ARV,Adult,SCMS from RDC,"Lamivudine/Nevirapine/Stavudine 150/200/30mg, tablets, 60 Tabs",Lamivudine/Nevirapine/Stavudine,Generic,150/200/30mg,Tablet - FDC,60,22240,164576.0,7.4,0.12,"Cipla, Goa, India",Yes,2262,7364.52,263.32
10665,104-CI-T01,Pre-PQ Process,SO-1144,DN-539,Côte d'Ivoire,PMO - US,From RDC,N/A - From RDC,Air,Pre-PQ Process,N/A - From RDC,28-Dec-07,28-Dec-07,28-Dec-07,ARV,Pediatric,SCMS from RDC,"Nevirapine 10mg/ml, oral suspension, Bottle, 240 ml",Nevirapine,Generic,10mg/ml,Oral suspension,240,475,912.0,1.92,0.01,"Aurobindo Unit III, India",Yes,170,1301,1.46
13020,122-HT-T30,FPQ-8671,SCMS-131040,ASN-13448,Haiti,PMO - US,Direct Drop,EXW,Air,11/9/2011,12/29/2011,30-Jan-12,30-Jan-12,30-Jan-12,MRDT,Malaria,Premier Medical Corporation Ltd.,"Malaria Antigen P.f Kit, 30 x 1 Test","Malaria Antigen P.f Kit, 30 x 1 Test",Generic,,Test kit,30,3,49.5,16.5,0.55,Premier Medical Corporation,Yes,1,969.55,0.07
63289,800-CM-T30,FPQ-12570,SCMS-200900,ASN-22171,Cameroon,PMO - US,Direct Drop,EXW,Air,7/10/2013,8/6/2013,9-Nov-13,9-Nov-13,20-Nov-13,HRDT,HIV test,"Orgenics, Ltd","HIV 1/2, Determine Complete HIV Kit, 100 Tests","HIV 1/2, Determine Complete HIV Kit",Determine,,Test kit,100,5000,400000.0,80.0,0.8,"Alere Medical Co., Ltd.",Yes,1238,46044.38,494.8
83855,101-CD-T30,FPQ-14576,SO-49290,DN-3975,"Congo, DRC",PMO - US,From RDC,N/A - From RDC,Air,7/14/2014,N/A - From RDC,30-Jan-15,18-Feb-15,23-Feb-15,ARV,Adult,SCMS from RDC,"Efavirenz 600mg, tablets, 30 Tabs",Efavirenz,Generic,600mg,Tablet,30,2660,8352.4,3.14,0.1,"Micro labs, Verna, Goa, India",No,See DN-3975 (ID#:82748),See DN-3975 (ID#:82748),8.59
18740,202-GT-T30,FPQ-6944,SCMS-98041,ASN-14350,Guatemala,PMO - US,Direct Drop,DDU,Air,1/17/2011,1/25/2011,21-May-12,21-May-12,21-May-12,ARV,Pediatric,IDIS LIMITED,"Didanosine 50mg [Videx], chewable tablets, 60 Tabs",Didanosine,Videx,50mg,Chewable/dispersible tablet,60,161,12174.82,75.62,1.26,Bristol-Myers Squibb Anagni IT,Yes,Weight Captured Separately,Freight Included in Commodity Cost,20.09
38120,107-RW-T30,FPQ-10092,SCMS-149420,ASN-15288,Rwanda,PMO - US,Direct Drop,EXW,Air,6/4/2012,6/12/2012,29-Jun-12,29-Jun-12,29-Jun-12,ARV,Adult,Aurobindo Pharma Limited,"Nevirapine 200mg, tablets, 60 Tabs",Nevirapine,Generic,200mg,Tablet,60,22500,52875.0,2.35,0.04,"Aurobindo Unit III, India",Yes,2145,17858.68,74.13
54035,106-HT-T30,FPQ-9621,SCMS-147150,ASN-16343,Haiti,PMO - US,Direct Drop,EXW,Air,4/20/2012,8/3/2012,4-Oct-12,4-Oct-12,4-Oct-12,ARV,Adult,Aurobindo Pharma Limited,"Didanosine 400mg, delayed-release capsules, 30 Caps",Didanosine,Generic,400mg,Delayed-release capsules,30,48,960.0,20.0,0.67,"Aurobindo Unit III, India",Yes,4,970.79,1.35
78550,116-ZA-T30,FPQ-13973,SCMS-238555,ASN-29257,South Africa,PMO - US,Direct Drop,DDP,Truck,4/30/2014,11/4/2014,5-Nov-14,5-Nov-14,5-Nov-14,ARV,Adult,PHARMACY DIRECT,"Efavirenz 600mg, tablets, 30 Tabs",Efavirenz,Generic,600mg,Tablet,30,125,1949.5,15.6,0.52,"Aurobindo Unit III, India",No,Weight Captured Separately,Freight Included in Commodity Cost,2.0
30213,107-RW-T30,FPQ-6341,SCMS-84910,ASN-10140,Rwanda,PMO - US,Direct Drop,EXW,Air,9/3/2010,9/27/2010,8-Apr-11,8-Apr-11,8-Apr-11,ARV,Pediatric,Aurobindo Pharma Limited,"Zidovudine 10mg/ml, oral solution, Bottle, 240 ml",Zidovudine,Generic,10mg/ml,Oral solution,240,1992,4183.2,2.1,0.01,"Aurobindo Unit III, India",Yes,777,6400.44,9.02
52854,116-ZA-T30,FPQ-11828,SCMS-183950,ASN-19166,South Africa,South Africa Field Office,Direct Drop,DDP,Truck,3/18/2013,Date Not Captured,16-Apr-13,16-Apr-13,16-Apr-13,ARV,Pediatric,S. BUYS WHOLESALER,"Abacavir 20mg/ml [Ziagen], oral solution, Bottle, 240 ml",Abacavir,Ziagen,20mg/ml,Oral solution,240,91,2074.51,22.8,0.1,GSK Mississauga (Canada),No,Weight Captured Separately,Freight Included in Commodity Cost,2.57
25521,161-ZA-T30,FPQ-6262,SCMS-83830,ASN-9178,South Africa,PMO - US,Direct Drop,DDP,Ocean,8/31/2010,9/24/2010,8-Dec-10,1-Feb-11,1-Feb-11,ARV,Adult,Aurobindo Pharma Limited,"Zidovudine 300mg, tablets, 60 Tabs",Zidovudine,Generic,300mg,Tablet,60,10357,75916.81,7.33,0.12,"Aurobindo Unit III, India",Yes,523,3161.68,163.68
4321,102-BW-T01,Pre-PQ Process,SCMS-18730,ASN-1609,Botswana,PMO - US,Direct Drop,EXW,Air,Pre-PQ Process,3/11/2008,23-Jun-08,23-Jun-08,23-Jun-08,HRDT,HIV test - Ancillary,"Orgenics, Ltd","HIV, Lancet, Safety, for HIV Test kits, 100 Pcs","HIV, Lancet, Safety, for HIV Test kits, 100 Pcs",Generic,,Test kit - Ancillary,100,200,2.0,0.01,0.0,Inverness Japan,Yes,Weight Captured Separately,Invoiced Separately,0.0
86443,101-CD-T30,FPQ-8840,SO-41138,DN-2500,"Congo, DRC",PMO - US,From RDC,N/A - From RDC,Air,11/21/2011,N/A - From RDC,10-Feb-12,14-Feb-12,14-Feb-12,ARV,Adult,SCMS from RDC,"Abacavir 300mg, tablets, 60 Tabs",Abacavir,Generic,300mg,Tablet,60,147,2150.61,14.63,0.24,Mylan (formerly Matrix) Nashik,No,See DN-2500 (ID#:82436),See DN-2500 (ID#:82436),3.02
45278,116-ZA-T30,FPQ-12522,SCMS-199283,ASN-27980,South Africa,PMO - US,Direct Drop,DDP,Truck,7/11/2013,8/27/2014,27-Aug-14,27-Aug-14,27-Aug-14,ARV,Adult,S. BUYS WHOLESALER,"Lopinavir/Ritonavir 200/50mg [Aluvia], tablets, 120 Tabs",Lopinavir/Ritonavir,Aluvia,200/50mg,Tablet,120,23,592.47,25.76,0.21,ABBVIE Ludwigshafen Germany,No,Weight Captured Separately,Freight Included in Commodity Cost,0.73
82784,107-RW-T30,FPQ-14811,SO-49940,DN-4162,Rwanda,PMO - US,From RDC,N/A - From RDC,Truck,10/15/2014,N/A - From RDC,31-Mar-15,24-Mar-15,24-Mar-15,ARV,Adult,SCMS from RDC,"Efavirenz/Lamivudine/Tenofovir Disoproxil Fumarate 600/300/300mg, tablets, 30 Tabs",Efavirenz/Lamivudine/Tenofovir Disoproxil Fumarate,Generic,600/300/300mg,Tablet - FDC,30,81557,782947.2,9.6,0.32,Mylan (formerly Matrix) Nashik,No,See DN-4162 (ID#:82783),See DN-4162 (ID#:82783),804.87
84841,114-UG-T30,FPQ-12473,SO-45870,DN-3267,Uganda,PMO - US,From RDC,N/A - From RDC,Air,6/11/2013,N/A - From RDC,29-Aug-13,13-Sep-13,13-Sep-13,ARV,Adult,SCMS from RDC,"Lopinavir/Ritonavir 200/50mg [Aluvia], tablets, 120 Tabs",Lopinavir/Ritonavir,Aluvia,200/50mg,Tablet,120,12022,243084.84,20.22,0.17,ABBVIE Ludwigshafen Germany,No,See DN-3267 (ID#:83708),See DN-3267 (ID#:83708),300.7
12789,117-ET-T01,Pre-PQ Process,SO-1950,DN-669,Ethiopia,PMO - US,From RDC,N/A - From RDC,,Pre-PQ Process,N/A - From RDC,27-Mar-08,27-Mar-08,27-Mar-08,ARV,Adult,SCMS from RDC,"Stavudine 30mg, capsules, 60 Caps",Stavudine,Generic,30mg,Capsule,60,78460,119259.2,1.52,0.03,"Aurobindo Unit III, India",Yes,5184,17910,190.81
11667,151-NG-T01,Pre-PQ Process,SO-27816,DN-1350,Nigeria,PMO - US,From RDC,N/A - From RDC,Air Charter,Date Not Captured,N/A - From RDC,4-Aug-09,4-Aug-09,4-Aug-09,ARV,Adult,SCMS from RDC,"Emtricitabine/Tenofovir Disoproxil Fumarate 200/300mg [Truvada], tablets, 30 Tabs",Emtricitabine/Tenofovir Disoproxil Fumarate,Truvada,300/200mg,Tablet - FDC,30,149824,3932880.0,26.25,0.88,"Aspen-OSD, Port Elizabeth, SA",Yes,13037,7445.8,7708.44
11714,100-CI-T01,Pre-PQ Process,SO-286,DN-71,Côte d'Ivoire,PMO - US,From RDC,N/A - From RDC,,Pre-PQ Process,N/A - From RDC,30-Apr-07,30-Apr-07,30-Apr-07,ARV,Adult,SCMS from RDC,"Abacavir 300mg, tablets, 60 Tabs",Abacavir,Generic,300mg,Tablet,60,68,2995.4,44.05,0.73,"Aurobindo Unit III, India",No,See DN-71 (ID#:11374),See DN-71 (ID#:11374),
1905,108-VN-T01,Pre-PQ Process,SCMS-26180,ASN-2274,Vietnam,PMO - US,Direct Drop,EXW,Air,Pre-PQ Process,7/1/2008,19-Sep-08,19-Sep-08,19-Sep-08,ARV,Adult,Aurobindo Pharma Limited,"Lamivudine/Zidovudine 150/300mg, tablets, 60 Tabs",Lamivudine/Zidovudine,Generic,150/300mg,Tablet - FDC,60,4300,37023.0,8.61,0.14,"Aurobindo Unit III, India",No,See ASN-2274 (ID#:610),See ASN-2274 (ID#:610),59.24
72885,111-MZ-T30,FPQ-13093,SCMS-211551,ASN-26131,Mozambique,PMO - US,Direct Drop,EXW,Air,10/15/2013,11/12/2013,2-Jun-14,2-Jun-14,4-Jun-14,HRDT,HIV test,"Trinity Biotech, Plc","HIV 1/2, Uni-Gold HIV Kit, 20 Tests","HIV 1/2, Uni-Gold HIV Kit",Uni-Gold,,Test kit,20,3962,126784.0,32.0,1.6,"Trinity Biotech, Plc",Yes,1153,7754.14,130.33
47559,161-ZA-T30,FPQ-5648,SCMS-75440,ASN-8696,South Africa,PMO - US,Direct Drop,DDP,Ocean,6/2/2010,6/17/2010,4-Feb-11,4-Feb-11,4-Feb-11,ARV,Pediatric,Aurobindo Pharma Limited,"Efavirenz 50mg, capsule, 30 Caps",Efavirenz,Generic,50mg,Capsule,30,100000,235000.0,2.35,0.08,"Aurobindo Unit III, India",Yes,5634,17819.74,506.66
85767,110-ZM-T30,FPQ-6677,SO-38060,DN-2254,Zambia,PMO - US,From RDC,N/A - From RDC,Truck,11/8/2010,N/A - From RDC,15-Jul-11,11-Jul-11,11-Jul-11,ARV,Adult,SCMS from RDC,"Lamivudine 150mg, tablets, 60 Tabs",Lamivudine,Generic,150mg,Tablet,60,21621,50376.93,2.33,0.04,"Aurobindo Unit III, India",No,See DN-2254 (ID#:83508),See DN-2254 (ID#:83508),83.12
84249,900-SS-T30,FPQ-11272,SO-44100,DN-3126,South Sudan,PMO - US,From RDC,N/A - From RDC,Air,12/17/2012,N/A - From RDC,30-Apr-13,17-Apr-13,17-Apr-13,ARV,Adult,SCMS from RDC,"Zidovudine 300mg, tablets, 60 Tabs",Zidovudine,Generic,300mg,Tablet,60,1466,9910.16,6.76,0.11,"Aurobindo Unit III, India",Yes,83,2089,12.26
30237,114-UG-T30,FPQ-12154,SCMS-188330,ASN-20242,Uganda,PMO - US,Direct Drop,EXW,Air,4/23/2013,5/9/2013,15-Jul-13,15-Jul-13,15-Jul-13,HRDT,HIV test - Ancillary,"Orgenics, Ltd","HIV, Lancet, Safety, for HIV Test kits, 100 Pcs","HIV, Lancet, Safety, for HIV Test kits, 100 Pcs",Generic,,Test kit - Ancillary,100,864,4320.0,5.0,0.05,"Alere Medical Co., Ltd.",No,See ASN-20242 (ID#:29951),See ASN-20242 (ID#:29951),5.34
86358,104-CI-T30,FPQ-6144,SO-38130,DN-2076,Côte d'Ivoire,PMO - US,From RDC,N/A - From RDC,Air,8/3/2010,N/A - From RDC,15-Dec-10,15-Dec-10,15-Dec-10,ARV,Adult,SCMS from RDC,"Zidovudine 300mg, tablets, 60 Tabs",Zidovudine,Generic,300mg,Tablet,60,6438,46417.98,7.21,0.12,"Aurobindo Unit III, India",No,See DN-2076 (ID#:85168),See DN-2076 (ID#:85168),100.08
36179,106-HT-T30,FPQ-11442,SCMS-177170,ASN-19521,Haiti,PMO - US,Direct Drop,EXW,Air,1/30/2013,3/17/2013,13-Jun-13,13-Jun-13,13-Jun-13,ARV,Pediatric,MYLAN LABORATORIES LTD (FORMERLY MATRIX LABORATORIES),"Lamivudine/Nevirapine/Zidovudine 30/50/60mg, dispersible tablets, 60 Tabs",Lamivudine/Nevirapine/Zidovudine,Generic,30/50/60mg,Chewable/dispersible tablet - FDC,60,4235,17575.25,4.15,0.07,Mylan (formerly Matrix) Nashik,Yes,236,2215.13,21.74
23791,116-ZA-T30,FPQ-13973,SCMS-238554,ASN-28626,South Africa,PMO - US,Direct Drop,DDP,Truck,4/30/2014,10/3/2014,3-Oct-14,3-Oct-14,3-Oct-14,ARV,Adult,PHARMACY DIRECT,"Raltegravir 400mg [Isentress], tablets, 60 Tabs",Raltegravir,Isentress,400mg,Tablet,60,6,507.86,84.64,1.41,"MSD, Haarlem, NL",Yes,Weight Captured Separately,Freight Included in Commodity Cost,0.52
85951,104-CI-T30,FPQ-11253,SO-44170,DN-3072,Côte d'Ivoire,PMO - US,From RDC,N/A - From RDC,Truck,12/14/2012,N/A - From RDC,30-Apr-13,10-May-13,10-May-13,ARV,Pediatric,SCMS from RDC,"Zidovudine 10mg/ml, oral solution w/syringe, Bottle, 240 ml",Zidovudine,Generic,10mg/ml,Oral solution,240,3000,6300.0,2.1,0.01,"Aurobindo Unit III, India",Yes,1159,5405.25,7.79
3828,107-RW-T01,Pre-PQ Process,SCMS-43870,ASN-4687,Rwanda,PMO - US,Direct Drop,CIP,Air,Pre-PQ Process,4/15/2009,21-Sep-09,21-Sep-09,21-Sep-09,ARV,Adult,MYLAN LABORATORIES LTD (FORMERLY MATRIX LABORATORIES),"Lamivudine/Nevirapine/Zidovudine 150/200/300mg, tablets, 60 Tabs",Lamivudine/Nevirapine/Zidovudine,Generic,150/300/200mg,Tablet - FDC,60,54432,641753.28,11.79,0.2,Mylan (formerly Matrix) Nashik,Yes,7278,61925.7,1257.84
1647,102-GY-T01,Pre-PQ Process,SCMS-18500,ASN-2100,Guyana,PMO - US,Direct Drop,EXW,Air,Pre-PQ Process,2/28/2008,28-Jul-08,28-Jul-08,28-Jul-08,HRDT,HIV test,"Orgenics, Ltd","HIV 1/2, Determine HIV Kit, without Lancets, 100 Tests","HIV 1/2, Determine HIV Kit, without Lancets",Determine,,Test kit,100,213,15333.87,71.99,0.72,Inverness Japan,Yes,49,959.46,24.53
84562,104-CI-T30,FPQ-4659,SO-35600,DN-1825,Côte d'Ivoire,PMO - US,From RDC,N/A - From RDC,Air,12/8/2009,N/A - From RDC,31-May-10,20-May-10,20-May-10,ARV,Pediatric,SCMS from RDC,"Stavudine 1mg/ml, powder for oral solution, 200 ml",Stavudine,Generic,1mg/ml,Oral solution,200,4550,6370.0,1.4,0.01,"Aurobindo Unit III, India",No,See DN-1825 (ID#:82884),See DN-1825 (ID#:82884),13.73
84700,101-CD-T30,FPQ-8840,SO-41136,DN-2498,"Congo, DRC",PMO - US,From RDC,N/A - From RDC,Air,11/21/2011,N/A - From RDC,16-Mar-12,14-Feb-12,14-Feb-12,ARV,Adult,SCMS from RDC,"Lopinavir/Ritonavir 200/50mg, tablets, 120 Tabs",Lopinavir/Ritonavir,Generic,200/50mg,Tablet,120,9,303.66,33.74,0.28,"Aurobindo Unit III, India",No,See DN-2498 (ID#:83002),See DN-2498 (ID#:83002),0.43
12670,104-CI-T01,Pre-PQ Process,SO-774,DN-242,Côte d'Ivoire,PMO - US,From RDC,N/A - From RDC,Air,Pre-PQ Process,N/A - From RDC,21-Aug-07,21-Aug-07,21-Aug-07,ARV,Adult,SCMS from RDC,"Abacavir 300mg, tablets, 60 Tabs",Abacavir,Generic,300mg,Tablet,60,3200,114560.0,35.8,0.6,"Aurobindo Unit III, India",No,See DN-242 (ID#:12077),See DN-242 (ID#:12077),183.3
80918,116-ZA-T30,FPQ-3560,SCMS-49642,ASN-5244,South Africa,PMO - US,Direct Drop,DDP,Truck,5/7/2009,7/21/2009,19-Nov-09,19-Nov-09,19-Nov-09,ARV,Adult,S. BUYS WHOLESALER,"Didanosine EC 400mg [Videx EC], delayed-release capsules, Blister 3 x 10 Caps",Didanosine EC,Videx EC,400mg,Delayed-release capsules - blister,30,190,1581.34,8.32,0.28,"BMS Meymac, France",No,Weight Captured Separately,Freight Included in Commodity Cost,3.1
31761,116-ZA-T30,FPQ-12522,SCMS-199283,ASN-27980,South Africa,PMO - US,Direct Drop,DDP,Truck,7/11/2013,8/27/2014,27-Aug-14,27-Aug-14,27-Aug-14,ARV,Adult,S. BUYS WHOLESALER,"Didanosine 250mg, delayed-release capsules, 30 Caps",Didanosine,Generic,250mg,Delayed-release capsules,30,6,102.14,17.02,0.57,"Aurobindo Unit III, India",No,Weight Captured Separately,Freight Included in Commodity Cost,0.13
83647,101-CD-T30,FPQ-11054,SO-43680,DN-2981,"Congo, DRC",PMO - US,From RDC,N/A - From RDC,Air,11/16/2012,N/A - From RDC,11-Sep-13,11-Sep-13,11-Sep-13,ARV,Adult,SCMS from RDC,"Lopinavir/Ritonavir 200/50mg, tablets, 120 Tabs",Lopinavir/Ritonavir,Generic,200/50mg,Tablet,120,159,3936.84,24.76,0.21,"Aurobindo Unit III, India",No,See DN-2981 (ID#:82538),See DN-2981 (ID#:82538),4.87
11154,111-MZ-T01,Pre-PQ Process,SO-298,DN-304,Mozambique,PMO - US,From RDC,N/A - From RDC,Air,Pre-PQ Process,N/A - From RDC,21-Sep-07,21-Sep-07,21-Sep-07,ARV,Pediatric,SCMS from RDC,"Efavirenz 200mg, capsule, 90 Caps",Efavirenz,Generic,200mg,Capsule,90,271,4593.45,16.95,0.19,"Aurobindo Unit III, India",No,See DN-304 (ID#:10589),See DN-304 (ID#:10589),7.35
83833,102-BI-T30,FPQ-14112,SO-48580,DN-3852,Burundi,PMO - US,From RDC,N/A - From RDC,Air,4/18/2014,N/A - From RDC,30-Sep-14,5-Sep-14,18-Sep-14,ARV,Adult,SCMS from RDC,"Lopinavir/Ritonavir 200/50mg, tablets, 120 Tabs",Lopinavir/Ritonavir,Generic,200/50mg,Tablet,120,280,5518.8,19.71,0.16,Mylan (formerly Matrix) Nashik,Yes,75,1855.34,5.67
8231,100-HT-T01,Pre-PQ Process,SCMS-15470,ASN-2759,Haiti,PMO - US,Direct Drop,EXW,Air,Pre-PQ Process,1/5/2008,11-Nov-08,11-Nov-08,11-Nov-08,HRDT,HIV test,"Trinity Biotech, Plc","HIV 1/2, Capillus HIV Kit, 100 Tests","HIV 1/2, Capillus HIV Kit",Capillus,,Test kit,100,2,278.0,139.0,1.39,"Trinity Biotech, Plc",Yes,4,523.12,0.54
22684,114-UG-T30,FPQ-7268,SCMS-104120,ASN-11009,Uganda,PMO - US,Direct Drop,DDP,Air,3/11/2011,3/25/2011,31-May-11,31-May-11,31-May-11,ARV,Adult,ASPEN PHARMACARE,"Darunavir 300mg [Prezista], tablets, 120 Tabs",Darunavir,Prezista,300mg,Tablet,120,259,24123.26,93.14,0.78,"Aspen-OSD, Port Elizabeth, SA",Yes,43,466,39.8
83455,151-NG-T30,FPQ-5688,SO-36915,DN-1973,Nigeria,PMO - US,From RDC,N/A - From RDC,Air Charter,5/27/2010,N/A - From RDC,31-Aug-10,17-Aug-10,17-Aug-10,ARV,Adult,SCMS from RDC,"Emtricitabine/Tenofovir Disoproxil Fumarate 200/300mg, tablets, 30 Tabs",Emtricitabine/Tenofovir Disoproxil Fumarate,Generic,200/300mg,Tablet - FDC,30,1328,15604.0,11.75,0.39,Mylan (formerly Matrix) Nashik,Yes,122,6147.18,33.64
34989,116-ZA-T30,FPQ-4359,SCMS-54980,ASN-5373,South Africa,PMO - US,Direct Drop,DDP,Truck,10/8/2009,10/15/2009,19-Oct-09,19-Oct-09,19-Oct-09,ARV,Adult,S. BUYS WHOLESALER,"Tenofovir Disoproxil Fumarate 300mg [Viread], tablets, 30 Tabs",Tenofovir Disoproxil Fumarate,Viread,300mg,Tablet,30,500,14278.99,28.56,0.95,"Aspen-OSD, Port Elizabeth, SA",No,Weight Captured Separately,Freight Included in Commodity Cost,27.99
3191,116-ZA-T01,Pre-PQ Process,SCMS-23500,ASN-2300,South Africa,PMO - US,Direct Drop,DDP,Truck,Pre-PQ Process,Date Not Captured,20-Aug-08,14-May-08,14-May-08,ARV,Adult,S. BUYS WHOLESALER,"Ritonavir 100mg [Norvir], capsules, cool, 84 Caps",Ritonavir,Norvir,100mg,Capsule,84,4,38.88,9.72,0.12,ABBVIE (Abbott) Logis. UK,No,Weight Captured Separately,Freight Included in Commodity Cost,0.06
84270,151-NG-T30,FPQ-11022,SO-43850,DN-3199,Nigeria,PMO - US,From RDC,N/A - From RDC,Air Charter,11/15/2012,N/A - From RDC,4-Jun-13,29-May-13,29-May-13,ARV,Adult,SCMS from RDC,"Efavirenz 600mg, tablets, 30 Tabs",Efavirenz,Generic,600mg,Tablet,30,45000,149850.0,3.33,0.11,"Cipla, Goa, India",Yes,16966,20761,185.36
85295,105-GY-T30,FPQ-10252,SO-42780,DN-2811,Guyana,PMO - US,From RDC,N/A - From RDC,Air,7/5/2012,N/A - From RDC,2-Oct-12,29-Aug-12,29-Aug-12,ARV,Adult,SCMS from RDC,"Zidovudine 300mg, tablets, 60 Tabs",Zidovudine,Generic,300mg,Tablet,60,1652,11167.52,6.76,0.11,"Aurobindo Unit III, India",No,See DN-2811 (ID#:83067),See DN-2811 (ID#:83067),15.66
83585,107-RW-T30,FPQ-8372,SO-40970,DN-2627,Rwanda,PMO - US,From RDC,N/A - From RDC,Air,10/19/2011,N/A - From RDC,9-Aug-12,17-Apr-12,17-Apr-12,ARV,Pediatric,SCMS from RDC,"Efavirenz 50mg, capsule, 30 Caps",Efavirenz,Generic,50mg,Capsule,30,1092,2446.08,2.24,0.07,"Aurobindo Unit III, India",Yes,7,805.58,4.04
85681,151-NG-T30,FPQ-5023,SO-36466,DN-1897,Nigeria,PMO - US,From RDC,N/A - From RDC,Air,2/10/2010,N/A - From RDC,15-Jul-10,28-Jun-10,28-Jun-10,ARV,Adult,SCMS from RDC,"Nevirapine 200mg, tablets, 60 Tabs",Nevirapine,Generic,200mg,Tablet,60,1000,2730.0,2.73,0.05,"Strides, Bangalore, India.",Yes,69,Freight Included in Commodity Cost,5.89
11201,104-CI-T01,Pre-PQ Process,SO-1145,DN-440,Côte d'Ivoire,PMO - US,From RDC,N/A - From RDC,Air,Pre-PQ Process,N/A - From RDC,29-Nov-07,29-Nov-07,29-Nov-07,ARV,Adult,SCMS from RDC,"Stavudine 30mg, capsules, 60 Caps",Stavudine,Generic,30mg,Capsule,60,3996,6993.0,1.75,0.03,"Aurobindo Unit III, India",No,See DN-440 (ID#:11200),See DN-440 (ID#:11200),11.19
65095,127-KE-T30,FPQ-7684,SCMS-109240,ASN-11321,Kenya,PMO - US,Direct Drop,EXW,Air,5/5/2011,5/18/2011,18-Aug-11,18-Aug-11,18-Aug-11,HRDT,HIV test,"Trinity Biotech, Plc","HIV 1/2, Uni-Gold HIV Kit, 20 Tests","HIV 1/2, Uni-Gold HIV Kit",Uni-Gold,,Test kit,20,385,12320.0,32.0,1.6,"Trinity Biotech, Plc",Yes,129,2039.73,20.33
86266,114-UG-T30,FPQ-4325,SO-35650,DN-1645,Uganda,PMO - US,From RDC,N/A - From RDC,Air,9/23/2009,N/A - From RDC,19-Mar-10,26-Feb-10,26-Feb-10,ARV,Adult,SCMS from RDC,"Zidovudine 300mg, tablets, 60 Tabs",Zidovudine,Generic,300mg,Tablet,60,744,5602.32,7.53,0.13,"Aurobindo Unit III, India",Yes,41,1152.14,10.98
79791,116-ZA-T30,FPQ-14942,SCMS-259078,ASN-33470,South Africa,PMO - US,Direct Drop,DDP,Truck,9/11/2014,10/9/2014,24-Jul-15,24-Jul-15,24-Jul-15,ARV,Adult,PHARMACY DIRECT,"Zidovudine 300mg, tablets, 60 Tabs",Zidovudine,Generic,300mg,Tablet,60,14,270.58,19.33,0.32,"Aurobindo Unit III, India",No,Weight Captured Separately,Freight Included in Commodity Cost,0.28
80842,116-ZA-T30,FPQ-12522,SCMS-199283,ASN-27978,South Africa,PMO - US,Direct Drop,DDP,Truck,7/11/2013,8/27/2014,27-Aug-14,27-Aug-14,27-Aug-14,ARV,Adult,S. BUYS WHOLESALER,"Nevirapine 200mg, tablets, 60 Tabs",Nevirapine,Generic,200mg,Tablet,60,57,1123.94,19.72,0.33,"Aurobindo Unit III, India",No,Weight Captured Separately,Freight Included in Commodity Cost,1.39
32193,117-ET-T30,FPQ-13200,SCMS-213980,ASN-23661,Ethiopia,PMO - US,Direct Drop,EXW,Air,10/25/2013,11/6/2013,14-Jan-14,14-Jan-14,15-Jan-14,HRDT,HIV test,"Trinity Biotech, Plc","HIV 1/2, Uni-Gold HIV Kit, 20 Tests","HIV 1/2, Uni-Gold HIV Kit",Uni-Gold,,Test kit,20,11,352.0,32.0,1.6,"Trinity Biotech, Plc",Yes,4,526.44,0.36
12675,104-CI-T01,Pre-PQ Process,SO-590,DN-220,Côte d'Ivoire,PMO - US,From RDC,N/A - From RDC,,Pre-PQ Process,N/A - From RDC,18-Jul-07,18-Jul-07,18-Jul-07,ARV,Adult,SCMS from RDC,"Saquinavir 200mg [Invirase], capsules, 270 Caps",Saquinavir,Invirase,200mg,Capsule,270,36,2831.04,78.64,0.29,Roche Basel,No,See DN-220 (ID#:10585),See DN-220 (ID#:10585),4.53
8475,106-HT-T01,Pre-PQ Process,SCMS-23790,ASN-2146,Haiti,PMO - US,Direct Drop,CIP,Air,Pre-PQ Process,5/20/2008,20-Aug-08,20-Aug-08,20-Aug-08,HRDT,HIV test,Orasure Technologies Inc.,"HIV 1/2, OraQuick Advance HIV Rapid Antibody Kit, 100 Tests","HIV 1/2, OraQuick Advance HIV Rapid Antibody Kit",OraQuick,,Test kit,100,54,18900.0,350.0,3.5,"Pacific Biotech, Thailand",Yes,Weight Captured Separately,Freight Included in Commodity Cost,30.24
34164,102-SZ-T30,FPQ-7281,SCMS-109450,ASN-11528,Swaziland,PMO - US,Direct Drop,EXW,Air,3/28/2011,6/17/2011,8-Aug-11,8-Aug-11,8-Aug-11,HRDT,HIV test,"Orgenics, Ltd","HIV 1/2, Determine Complete HIV Kit, 100 Tests","HIV 1/2, Determine Complete HIV Kit",Determine,,Test kit,100,90,7200.0,80.0,0.8,Inverness Japan,No,See ASN-11528 (ID#:29347),See ASN-11528 (ID#:29347),11.88
83045,102-CD-T30,FPQ-9640,SO-41850,DN-2697,"Congo, DRC",PMO - US,From RDC,N/A - From RDC,Air,4/2/2012,N/A - From RDC,11-Sep-12,11-Sep-12,11-Sep-12,ARV,Adult,SCMS from RDC,"Lopinavir/Ritonavir 200/50mg, tablets, 120 Tabs",Lopinavir/Ritonavir,Generic,200/50mg,Tablet,120,600,17808.0,29.68,0.25,"Aurobindo Unit III, India",Yes,895,6061.4,24.97
31473,116-ZA-T30,FPQ-12522,SCMS-199283,ASN-27978,South Africa,PMO - US,Direct Drop,DDP,Truck,7/11/2013,8/27/2014,27-Aug-14,27-Aug-14,27-Aug-14,ARV,Pediatric,S. BUYS WHOLESALER,"Abacavir 20mg/ml, oral solution w/syringe, Bottle, 240 ml",Abacavir,Generic,20mg/ml,Oral solution,240,35,959.72,27.42,0.11,"Aurobindo Unit III, India",No,Weight Captured Separately,Freight Included in Commodity Cost,1.19
11735,113-ZW-T01,Pre-PQ Process,SO-278,DN-141,Zimbabwe,PMO - US,From RDC,N/A - From RDC,,Pre-PQ Process,N/A - From RDC,20-May-07,20-May-07,20-May-07,ARV,Adult,SCMS from RDC,"Zidovudine 300mg, tablets, 60 Tabs",Zidovudine,Generic,300mg,Tablet,60,470,4591.9,9.77,0.16,"Ranbaxy, Paonta Shahib, India",No,See DN-141 (ID#:10571),See DN-141 (ID#:10571),
64589,114-UG-T30,FPQ-11141,SCMS-176730,ASN-19001,Uganda,PMO - US,Direct Drop,EXW,Air,12/13/2012,2/7/2013,8-May-13,8-May-13,8-May-13,ARV,Pediatric,MICRO LABS LIMITED,"Efavirenz 50mg, capsule, 30 Caps",Efavirenz,Generic,50mg,Capsule,30,252,504.0,2.0,0.07,"Micro labs, Verna, Goa, India",Yes,9,1026.15,0.62
44942,151-NG-T30,FPQ-6249,SCMS-86060,ASN-9590,Nigeria,PMO - US,Direct Drop,FCA,Air,8/27/2010,9/23/2010,8-Feb-11,8-Feb-11,8-Feb-11,ARV,Adult,ABBVIE LOGISTICS (FORMERLY ABBOTT LOGISTICS BV),"Ritonavir 100mg [Norvir], capsules, cool, 4 x 84 Caps",Ritonavir,Norvir,100mg,Capsule,336,273,10472.28,38.36,0.11,ABBVIE (Abbott) Logis. UK,Yes,520,3759.22,22.58
82725,103-SS-T30,FPQ-14556,SO-49260,DN-3871,South Sudan,PMO - US,From RDC,N/A - From RDC,Air,7/2/2014,N/A - From RDC,30-Jan-15,16-Dec-14,17-Dec-14,ARV,Pediatric,SCMS from RDC,"Lamivudine/Nevirapine/Zidovudine 30/50/60mg, [DON] dispersible tablets, 60 Tabs",Lamivudine/Nevirapine/Zidovudine,Generic,30/50/60mg,Chewable/dispersible tablet - FDC,60,6459,0.0,0.0,0.0,"Cipla, Goa, India",Yes,565,11705.87,0.0
21143,202-GT-T30,FPQ-6944,SCMS-98040,ASN-12152,Guatemala,PMO - US,Direct Drop,DDU,Air,1/17/2011,1/25/2011,12-Sep-11,12-Sep-11,12-Sep-11,ARV,Pediatric,IDIS LIMITED,"Didanosine 50mg [Videx], chewable tablets, 60 Tabs",Didanosine,Videx,50mg,Chewable/dispersible tablet,60,192,14519.04,75.62,1.26,"BMS Meymac, France",Yes,Weight Captured Separately,Freight Included in Commodity Cost,23.96
83718,111-MZ-T30,FPQ-11884,SO-44870,DN-3339,Mozambique,PMO - US,From RDC,N/A - From RDC,Truck,3/19/2013,N/A - From RDC,31-Oct-13,13-Nov-13,2-Dec-13,ARV,Adult,SCMS from RDC,"Lamivudine/Zidovudine 150/300mg, tablets, 60 Tabs",Lamivudine/Zidovudine,Generic,150/300mg,Tablet - FDC,60,3035,22064.45,7.27,0.12,"Cipla, Goa, India",Yes,1722,5950.17,27.29
43286,106-HT-T30,FPQ-9635,SCMS-148440,ASN-15571,Haiti,PMO - US,Direct Drop,EXW,Ocean,5/14/2012,6/28/2012,22-Oct-12,22-Oct-12,22-Oct-12,ARV,Adult,MYLAN LABORATORIES LTD (FORMERLY MATRIX LABORATORIES),"Efavirenz/Lamivudine/Tenofovir Disoproxil Fumarate 600/300/300mg, tablets, 30 Tabs",Efavirenz/Lamivudine/Tenofovir Disoproxil Fumarate,Generic,600/300/300mg,Tablet - FDC,30,33480,435240.0,13.0,0.43,Mylan (formerly Matrix) Nashik,No,See ASN-15571 (ID#:21091),See ASN-15571 (ID#:21091),610.21
74941,116-ZA-T30,FPQ-14942,SCMS-259078,ASN-33470,South Africa,PMO - US,Direct Drop,DDP,Truck,9/11/2014,10/9/2014,24-Jul-15,24-Jul-15,24-Jul-15,ARV,Adult,PHARMACY DIRECT,"Didanosine 250mg, delayed-release capsules, 30 Caps",Didanosine,Generic,250mg,Delayed-release capsules,30,6,71.03,11.84,0.39,"Aurobindo Unit III, India",No,Weight Captured Separately,Freight Included in Commodity Cost,0.07
83206,111-MZ-T30,FPQ-12573,SO-46172,DN-3525,Mozambique,PMO - US,From RDC,N/A - From RDC,Truck,6/28/2013,N/A - From RDC,31-Jan-14,20-Feb-14,19-Mar-14,ARV,Adult,SCMS from RDC,"Lamivudine/Nevirapine/Stavudine 150/200/30mg, tablets, 60 Tabs",Lamivudine/Nevirapine/Stavudine,Generic,150/200/30mg,Tablet - FDC,60,47205,203925.6,4.32,0.07,Hetero Unit III Hyderabad IN,No,See DN-3525 (ID#:82648),See DN-3525 (ID#:82648),252.26
4458,108-VN-T01,Pre-PQ Process,SCMS-23330,ASN-2276,Vietnam,PMO - US,Direct Drop,EXW,Air,Pre-PQ Process,5/13/2008,19-Sep-08,19-Sep-08,19-Sep-08,ARV,Adult,Aurobindo Pharma Limited,"Lamivudine/Zidovudine 150/300mg, tablets, 60 Tabs",Lamivudine/Zidovudine,Generic,150/300mg,Tablet - FDC,60,2016,18648.0,9.25,0.15,"Aurobindo Unit III, India",Yes,185,5551.97,29.84
46228,103-ZW-T30,FPQ-13969,SCMS-239220,ASN-27095,Zimbabwe,PMO - US,Direct Drop,EXW,Air,4/8/2014,5/16/2014,30-Jul-14,30-Jul-14,31-Jul-14,ARV,Pediatric,MYLAN LABORATORIES LTD (FORMERLY MATRIX LABORATORIES),"Lamivudine/Zidovudine 30/60mg, tablets, 60 Tabs",Lamivudine/Zidovudine,Generic,30/60mg,Tablet - FDC,60,48127,95772.73,1.99,0.03,Mylan (formerly Matrix) Nashik,Yes,2383,18232.17,98.45
83556,101-CD-T30,FPQ-8840,SO-41135,DN-2497,"Congo, DRC",PMO - US,From RDC,N/A - From RDC,Air,11/21/2011,N/A - From RDC,16-Mar-12,14-Feb-12,14-Feb-12,ARV,Adult,SCMS from RDC,"Efavirenz 600mg, tablets, 30 Tabs",Efavirenz,Generic,600mg,Tablet,30,10,41.2,4.12,0.14,"Strides, Bangalore, India.",No,See DN-2497 (ID#:82435),See DN-2497 (ID#:82435),0.06
11565,114-UG-T01,Pre-PQ Process,SO-17790,DN-1082,Uganda,PMO - US,From RDC,N/A - From RDC,Air,Pre-PQ Process,N/A - From RDC,3-Mar-09,3-Mar-09,3-Mar-09,ARV,Adult,SCMS from RDC,"Zidovudine 300mg, tablets, 60 Tabs",Zidovudine,Generic,300mg,Tablet,60,50,395.0,7.9,0.13,"Aurobindo Unit III, India",Yes,3,978.92,0.77
42116,116-ZA-T30,FPQ-4359,SCMS-54970,ASN-5473,South Africa,PMO - US,Direct Drop,DDP,Truck,10/8/2009,10/15/2009,27-Oct-09,27-Oct-09,27-Oct-09,ARV,Pediatric,S. BUYS WHOLESALER,"Efavirenz 50mg, capsule, 30 Caps",Efavirenz,Generic,50mg,Capsule,30,500,2112.45,4.22,0.14,"Aurobindo Unit III, India",Yes,Weight Captured Separately,Freight Included in Commodity Cost,4.14
54465,111-MZ-T30,FPQ-10880,SCMS-164000,ASN-18531,Mozambique,PMO - US,Direct Drop,EXW,Air,10/18/2012,11/6/2012,20-Mar-13,20-Mar-13,20-Mar-13,HRDT,HIV test,"Orgenics, Ltd","HIV 1/2, Determine Complete HIV Kit, 100 Tests","HIV 1/2, Determine Complete HIV Kit",Determine,,Test kit,100,2928,234240.0,80.0,0.8,"Alere Medical Co., Ltd.",Yes,1325,13303.36,289.75
84623,113-ZW-T30,FPQ-6470,SO-37830,DN-2127,Zimbabwe,PMO - US,From RDC,N/A - From RDC,Truck,10/13/2010,N/A - From RDC,31-Mar-11,17-Mar-11,17-Mar-11,ARV,Adult,SCMS from RDC,"Lamivudine/Nevirapine/Stavudine 150/200/30mg, tablets, 60 Tabs",Lamivudine/Nevirapine/Stavudine,Generic,150/200/30mg,Tablet - FDC,60,66645,370546.2,5.56,0.09,"Strides, Bangalore, India.",No,See DN-2127 (ID#:82371),See DN-2127 (ID#:82371),798.9
83537,151-NG-T30,FPQ-7812,SO-39999,DN-2377,Nigeria,PMO - US,From RDC,N/A - From RDC,Air Charter,6/6/2011,N/A - From RDC,3-Nov-11,28-Sep-11,28-Sep-11,ARV,Adult,SCMS from RDC,"Efavirenz 600mg, tablets, 30 Tabs",Efavirenz,Generic,600mg,Tablet,30,100000,422000.0,4.22,0.14,Hetero Unit III Hyderabad IN,Yes,5712,18495.9,696.3
86606,102-BI-T30,FPQ-12602,SO-46040,DN-3336,Burundi,PMO - US,From RDC,N/A - From RDC,Air,7/9/2013,N/A - From RDC,27-Oct-13,5-Nov-13,12-Nov-13,ARV,Adult,SCMS from RDC,"Efavirenz 600mg, tablets, 30 Tabs",Efavirenz,Generic,600mg,Tablet,30,5568,18541.44,3.33,0.11,"Strides, Bangalore, India.",Yes,342,3325.77,22.94
11250,104-CI-T01,Pre-PQ Process,SO-2705,DN-786,Côte d'Ivoire,PMO - US,From RDC,N/A - From RDC,Air,Pre-PQ Process,N/A - From RDC,27-Jun-08,27-Jun-08,27-Jun-08,ARV,Pediatric,SCMS from RDC,"Efavirenz 200mg, capsule, 90 Caps",Efavirenz,Generic,200mg,Capsule,90,3885,62160.0,16.0,0.18,"Aurobindo Unit III, India",Yes,467,6299.56,99.46
13700,111-MZ-T30,FPQ-13395,SCMS-219220,ASN-25451,Mozambique,PMO - US,Direct Drop,EXW,Air,12/11/2013,12/17/2013,2-May-14,2-May-14,7-May-14,ARV,Adult,HETERO LABS LIMITED,"Lamivudine/Nevirapine/Zidovudine 150/200/300mg, tablets, 60 Tabs",Lamivudine/Nevirapine/Zidovudine,Generic,150/300/200mg,Tablet - FDC,60,35136,284952.96,8.11,0.14,Hetero Unit III Hyderabad IN,Yes,4784,19286.53,292.93
82794,103-ZW-T30,FPQ-13967,SO-50960,DN-4224,Zimbabwe,PMO - US,From RDC,N/A - From RDC,Truck,4/2/2014,N/A - From RDC,30-Apr-15,10-Apr-15,14-Apr-15,ARV,Pediatric,SCMS from RDC,"Abacavir/Lamivudine 60/30mg, tablets, 60 Tabs",Abacavir/Lamivudine,Generic,60/30mg,Tablet - FDC,60,6634,26204.3,3.95,0.07,Mylan (formerly Matrix) Nashik,Yes,6368,225.79,26.94
72767,106-HT-T30,FPQ-14895,SCMS-260980,ASN-29499,Haiti,PMO - US,Direct Drop,FCA,Air,9/24/2014,11/4/2014,10-Dec-14,10-Dec-14,10-Dec-14,ARV,Adult,JANSSEN SCIENCES IRELAND UC (FORMERLY JANSSEN R&D IRELAND),"Darunavir 600mg [Prezista], tablets, 60 Tabs",Darunavir,Prezista,600mg,Tablet,60,111,5994.0,54.0,0.9,"Janssen-Cilag, Latina, IT",Yes,42,926.3,6.16
84396,105-GY-T30,FPQ-14042,SO-48520,DN-3844,Guyana,PMO - US,From RDC,N/A - From RDC,Air,4/9/2014,N/A - From RDC,30-Sep-14,30-Jul-14,5-Sep-14,ARV,Adult,SCMS from RDC,"Lopinavir/Ritonavir 200/50mg, tablets, 120 Tabs",Lopinavir/Ritonavir,Generic,200/50mg,Tablet,120,1603,31595.13,19.71,0.16,Mylan (formerly Matrix) Nashik,No,See DN-3844 (ID#:82710),See DN-3844 (ID#:82710),32.48
25928,106-HT-T30,FPQ-15038,SCMS-262980,ASN-30463,Haiti,PMO - US,Direct Drop,EXW,Ocean,10/22/2014,1/7/2015,9-Apr-15,9-Apr-15,13-Apr-15,ARV,Adult,HETERO LABS LIMITED,"Nevirapine 200mg, tablets, 60 Tabs",Nevirapine,Generic,200mg,Tablet,60,12600,27216.0,2.16,0.04,Hetero Unit III Hyderabad IN,No,See ASN-30463 (ID#:15460),See ASN-30463 (ID#:15460),27.98
83140,114-UG-T30,FPQ-11133,SO-43873,DN-3153,Uganda,PMO - US,From RDC,N/A - From RDC,Truck,12/13/2012,N/A - From RDC,28-Jun-13,7-Jun-13,7-Jun-13,ARV,Adult,SCMS from RDC,"Lamivudine/Zidovudine 150/300mg, tablets, 60 Tabs",Lamivudine/Zidovudine,Generic,150/300mg,Tablet - FDC,60,18547,129829.0,7.0,0.12,Hetero Unit III Hyderabad IN,No,See DN-3153 (ID#:82575),See DN-3153 (ID#:82575),160.6
85246,104-CI-T30,FPQ-8363,SO-40822,DN-2601,Côte d'Ivoire,PMO - US,From RDC,N/A - From RDC,Truck,8/29/2011,N/A - From RDC,19-Apr-12,19-Apr-12,19-Apr-12,ARV,Adult,SCMS from RDC,"Abacavir 300mg, tablets, 60 Tabs",Abacavir,Generic,300mg,Tablet,60,10440,152737.2,14.63,0.24,Mylan (formerly Matrix) Nashik,No,See DN-2601 (ID#:84156),See DN-2601 (ID#:84156),252.02
44315,105-GY-T30,FPQ-10249,SCMS-153890,ASN-17087,Guyana,PMO - US,Direct Drop,EXW,Air,7/5/2012,7/26/2012,20-Nov-12,20-Nov-12,20-Nov-12,HRDT,HIV test,"Orgenics, Ltd","HIV 1/2, Determine Complete HIV Kit, 100 Tests","HIV 1/2, Determine Complete HIV Kit",Determine,,Test kit,100,90,9000.0,100.0,1.0,"Alere Medical Co., Ltd.",Yes,41,1182.5,12.62
84138,101-CD-T30,FPQ-8840,SO-41138,DN-2500,"Congo, DRC",PMO - US,From RDC,N/A - From RDC,Air,11/21/2011,N/A - From RDC,10-Feb-12,14-Feb-12,14-Feb-12,ARV,Adult,SCMS from RDC,"Lamivudine/Zidovudine 150/300mg, tablets, 60 Tabs",Lamivudine/Zidovudine,Generic,150/300mg,Tablet - FDC,60,274,2263.24,8.26,0.14,"Aurobindo Unit III, India",No,See DN-2500 (ID#:82436),See DN-2500 (ID#:82436),3.17
10550,100-CI-T01,Pre-PQ Process,SO-284,DN-46,Côte d'Ivoire,PMO - US,From RDC,N/A - From RDC,,Pre-PQ Process,N/A - From RDC,4-May-07,4-May-07,4-May-07,ARV,Adult,SCMS from RDC,"Lamivudine/Zidovudine 150/300mg, tablets, 60 Tabs",Lamivudine/Zidovudine,Generic,150/300mg,Tablet - FDC,60,1778,18224.5,10.25,0.17,"Aurobindo Unit III, India",Yes,716,2601,
12366,111-MZ-T01,Pre-PQ Process,SO-576,DN-148,Mozambique,PMO - US,From RDC,N/A - From RDC,Air,Pre-PQ Process,N/A - From RDC,13-Jun-07,13-Jun-07,13-Jun-07,ARV,Pediatric,SCMS from RDC,"Efavirenz 50mg [Stocrin/Sustiva], capsule, 30 Caps",Efavirenz,Stocrin/Sustiva,50mg,Capsule,30,1844,6306.48,3.42,0.11,"MSD Manati, Puerto Rico, (USA)",No,See DN-148 (ID#:10564),See DN-148 (ID#:10564),
83955,111-MZ-T30,FPQ-4479,SO-30441,DN-1495,Mozambique,PMO - US,From RDC,N/A - From RDC,Truck,2/26/2009,N/A - From RDC,1-Dec-09,18-Nov-09,18-Nov-09,ARV,Adult,SCMS from RDC,"Zidovudine 300mg, tablets, 60 Tabs",Zidovudine,Generic,300mg,Tablet,60,16566,127723.86,7.71,0.13,Hetero Unit III Hyderabad IN,Yes,921,4468.51,250.34
46432,104-CI-T30,FPQ-3967,SCMS-52590,ASN-5279,Côte d'Ivoire,PMO - US,Direct Drop,EXW,Air,8/21/2009,9/14/2009,10-Nov-09,10-Nov-09,10-Nov-09,ARV,Adult,Aurobindo Pharma Limited,"Abacavir/Lamivudine 600/300mg, scored tablets, 30 Tabs",Abacavir/Lamivudine,Generic,600/300mg,Tablet - FDC,30,1461,33603.0,23.0,0.77,"Aurobindo Unit III, India",Yes,154,2986.16,65.86
12522,111-MZ-T01,Pre-PQ Process,SO-18330,DN-1002,Mozambique,PMO - US,From RDC,N/A - From RDC,Air,Pre-PQ Process,N/A - From RDC,27-Nov-08,27-Nov-08,27-Nov-08,ARV,Adult,SCMS from RDC,"Ritonavir 100mg [Norvir], capsules, cool, 4 x 84 Caps",Ritonavir,Norvir,100mg,Capsule,336,180,0.0,0.0,0.0,ABBVIE (Abbott) France,Yes,256,2765.64,0.0
76551,116-ZA-T30,FPQ-4770,SCMS-60170,ASN-5933,South Africa,PMO - US,Direct Drop,DDP,Truck,12/17/2009,12/23/2009,29-Dec-09,29-Dec-09,29-Dec-09,ARV,Pediatric,S. BUYS WHOLESALER,"Nevirapine 10mg/ml [Viramune], oral suspension, Bottle, 240 ml",Nevirapine,Viramune,10mg/ml,Oral suspension,240,60,927.34,15.46,0.06,Boehringer Ingelheim Roxane US,No,Weight Captured Separately,Freight Included in Commodity Cost,2.0
11302,114-UG-T01,Pre-PQ Process,SO-17710,DN-996,Uganda,PMO - US,From RDC,N/A - From RDC,Air,Pre-PQ Process,N/A - From RDC,27-Nov-08,27-Nov-08,27-Nov-08,ARV,Adult,SCMS from RDC,"Lamivudine/Zidovudine 150/300mg, tablets, 60 Tabs",Lamivudine/Zidovudine,Generic,150/300mg,Tablet - FDC,60,5377,50274.95,9.35,0.16,"Aurobindo Unit III, India",Yes,501,3266.38,98.54
9055,116-ZA-T01,Pre-PQ Process,SCMS-41586,ASN-4387,South Africa,PMO - US,Direct Drop,DDP,Air,Pre-PQ Process,3/27/2009,25-Jun-09,15-Apr-09,15-Apr-09,ARV,Adult,S. BUYS WHOLESALER,"Nevirapine 200mg [Viramune], tablets, 60 Tabs",Nevirapine,Viramune,200mg,Tablet,60,6000,100560.0,16.76,0.28,"Boehringer Ing., Koropi, GR",No,Weight Captured Separately,Freight Included in Commodity Cost,197.1
12594,104-CI-T01,Pre-PQ Process,SO-31960,DN-1297,Côte d'Ivoire,PMO - US,From RDC,N/A - From RDC,Air,Pre-PQ Process,N/A - From RDC,30-Jun-09,30-Jun-09,30-Jun-09,ARV,Adult,SCMS from RDC,"Emtricitabine/Tenofovir Disoproxil Fumarate 200/300mg [Truvada], tablets, 30 Tabs",Emtricitabine/Tenofovir Disoproxil Fumarate,Truvada,300/200mg,Tablet - FDC,30,2160,56700.0,26.25,0.88,"Aspen-OSD, Port Elizabeth, SA",Yes,186,1660.07,111.13
85027,151-NG-T30,FPQ-14989,SO-49934,DN-4230,Nigeria,PMO - US,From RDC,N/A - From RDC,Air Charter,9/19/2014,N/A - From RDC,30-Jun-15,15-Apr-15,20-Apr-15,ARV,Pediatric,SCMS from RDC,"Lamivudine/Nevirapine/Zidovudine 30/50/60mg, dispersible tablets, 60 Tabs",Lamivudine/Nevirapine/Zidovudine,Generic,30/50/60mg,Chewable/dispersible tablet - FDC,60,912,3283.2,3.6,0.06,Mylan (formerly Matrix) Nashik,Yes,71,134,3.38
10684,106-HT-T01,Pre-PQ Process,SO-2053,DN-744,Haiti,PMO - US,From RDC,N/A - From RDC,Air,Pre-PQ Process,N/A - From RDC,2-Jun-08,2-Jun-08,2-Jun-08,ARV,Adult,SCMS from RDC,"Stavudine 30mg, capsules, 60 Caps",Stavudine,Generic,30mg,Capsule,60,4725,7182.0,1.52,0.03,"Aurobindo Unit III, India",Yes,1154,12508.65,11.49
63419,203-SZ-T30,FPQ-14826,SCMS-256310,ASN-29141,Swaziland,PMO - US,Direct Drop,EXW,Air,9/3/2014,10/9/2014,19-Feb-15,19-Feb-15,19-Feb-15,HRDT,HIV test,"Orgenics, Ltd","HIV 1/2, Determine Complete HIV Kit, 100 Tests","HIV 1/2, Determine Complete HIV Kit",Determine,,Test kit,100,39,3120.0,80.0,0.8,"Alere Medical Co., Ltd.",Yes,17,514.52,3.21
86519,104-CI-T30,FPQ-9749,SO-42400,DN-2880,Côte d'Ivoire,PMO - US,From RDC,N/A - From RDC,Truck,4/19/2012,N/A - From RDC,30-Oct-12,24-Oct-12,24-Oct-12,ARV,Adult,SCMS from RDC,"Efavirenz 600mg, tablets, 30 Tabs",Efavirenz,Generic,600mg,Tablet,30,83,302.12,3.64,0.12,Hetero Unit III Hyderabad IN,No,See DN-2880 (ID#:85310),See DN-2880 (ID#:85310),0.42
86054,100-ZM-T30,FPQ-12497,SO-45940,DN-3565,Zambia,PMO - US,From RDC,N/A - From RDC,Truck,6/20/2013,N/A - From RDC,25-Mar-14,25-Mar-14,4-Apr-14,ARV,Adult,SCMS from RDC,"Lamivudine 150mg, tablets, 60 Tabs",Lamivudine,Generic,150mg,Tablet,60,10000,22300.0,2.23,0.04,"Aurobindo Unit III, India",No,See DN-3565 (ID#:84903),See DN-3565 (ID#:84903),27.59
84003,111-MZ-T30,FPQ-4711,SO-35730,DN-1832,Mozambique,PMO - US,From RDC,N/A - From RDC,Truck,12/23/2009,N/A - From RDC,30-Jun-10,14-Jun-10,14-Jun-10,ARV,Adult,SCMS from RDC,"Lamivudine/Nevirapine/Zidovudine 150/200/300mg, tablets, 60 Tabs",Lamivudine/Nevirapine/Zidovudine,Generic,150/300/200mg,Tablet - FDC,60,46000,516120.0,11.22,0.19,Mylan (formerly Matrix) Nashik,No,See DN-1832 (ID#:82321),See DN-1832 (ID#:82321),1112.75
20774,116-ZA-T30,FPQ-14942,SCMS-259079,ASN-33852,South Africa,PMO - US,Direct Drop,DDP,Truck,9/11/2014,10/9/2014,24-Aug-15,24-Aug-15,24-Aug-15,ARV,Adult,PHARMACY DIRECT,"Lamivudine 150mg, tablets, 60 Tabs",Lamivudine,Generic,150mg,Tablet,60,119,839.15,7.05,0.12,"Aurobindo Unit III, India",No,Weight Captured Separately,Freight Included in Commodity Cost,0.86
9352,109-TZ-T01,Pre-PQ Process,SCMS-10350,ASN-1933,Tanzania,PMO - US,Direct Drop,EXW,Air,Pre-PQ Process,10/23/2007,22-Jul-08,22-Jul-08,22-Jul-08,HRDT,HIV test,"Standard Diagnostics, Inc.","HIV 1/2, Bioline 3.0 Kit, Lancets, Capillary pipets, Alcohol swabs included, 25 Tests","HIV 1/2, Bioline 3.0 Kit, Lancets, Capillary pipets, Alcohol swabs included",Bioline,,Test kit,25,10000,200000.0,20.0,0.8,"Standard Diagnostics, Korea",Yes,3110,22663.18,320.0
50968,116-ZA-T30,FPQ-12522,SCMS-199289,ASN-28037,South Africa,PMO - US,Direct Drop,DDP,Truck,7/11/2013,8/29/2014,29-Aug-14,29-Aug-14,29-Aug-14,ARV,Adult,S. BUYS WHOLESALER,"Abacavir 300mg, tablets, 60 Tabs",Abacavir,Generic,300mg,Tablet,60,91,6925.86,76.11,1.27,"Aurobindo Unit III, India",No,Weight Captured Separately,Freight Included in Commodity Cost,8.57
57661,102-SD-T30,FPQ-7320,SCMS-107750,ASN-11112,Sudan,PMO - US,Direct Drop,EXW,Air,3/29/2011,5/2/2011,1-Jul-11,1-Jul-11,1-Jul-11,HRDT,HIV test - Ancillary,"Orgenics, Ltd","Capillary Tubes, for Determine, EDTA, 50uL,100 Pcs","HIV, Capillary Tubes, for Determine, EDTA, 50uL,100 Pcs",Determine,,Test kit - Ancillary,100,33,396.0,12.0,0.12,Inverness Japan,Yes,3,1209.56,0.65
52799,105-DO-T30,FPQ-7858,SCMS-117390,ASN-12265,Dominican Republic,PMO - US,Direct Drop,EXW,Air,6/21/2011,8/4/2011,7-Oct-11,7-Oct-11,7-Oct-11,HRDT,HIV test,"Orgenics, Ltd","HIV 1/2, Determine Complete HIV Kit, 100 Tests","HIV 1/2, Determine Complete HIV Kit",Determine,,Test kit,100,1000,92000.0,92.0,0.92,Inverness Japan,Yes,399,8776.57,151.8
82675,109-TZ-T30,FPQ-12587,SO-45990,DN-3704,Tanzania,PMO - US,From RDC,N/A - From RDC,Truck,7/4/2013,N/A - From RDC,30-Jun-14,21-Jun-14,1-Jul-14,ARV,Adult,SCMS from RDC,"Emtricitabine/Tenofovir Disoproxil Fumarate 200/300mg, tablets, 30 Tabs",Emtricitabine/Tenofovir Disoproxil Fumarate,Generic,200/300mg,Tablet - FDC,30,10267,58932.58,5.74,0.19,Mylan (formerly Matrix) Nashik,Yes,816,3623.2,72.9
21576,108-VN-T30,FPQ-14516,SCMS-249140,ASN-29592,Vietnam,PMO - US,Direct Drop,FCA,Air,7/9/2014,8/11/2014,16-Jan-15,16-Jan-15,17-Jan-15,ARV,Adult,ABBVIE LOGISTICS (FORMERLY ABBOTT LOGISTICS BV),"Lopinavir/Ritonavir 200/50mg [Aluvia], tablets, 120 Tabs",Lopinavir/Ritonavir,Aluvia,200/50mg,Tablet,120,5600,340592.0,60.82,0.51,ABBVIE Ludwigshafen Germany,Yes,1368,4489.32,350.13
9564,116-ZA-T01,Pre-PQ Process,SCMS-16600,ASN-2292,South Africa,PMO - US,Direct Drop,DDP,,Pre-PQ Process,1/4/2008,21-Jan-08,25-Apr-08,25-Apr-08,ARV,Pediatric,"JSI R&T INSTITUTE, INC.","Didanosine 2g [Videx], powder for oral solution 10mg/ml, reconstitute to 200 ml",Didanosine,Videx,2g,Powder for oral solution,200,4,57.92,14.48,0.07,"BMS Meymac, France",Yes,Weight Captured Separately,Freight Included in Commodity Cost,0.09
1941,133-NG-T01,Pre-PQ Process,SCMS-27060,ASN-2438,Nigeria,PMO - US,Direct Drop,EXW,Air,Pre-PQ Process,7/18/2008,15-Oct-08,15-Oct-08,15-Oct-08,HRDT,HIV test - Ancillary,"Orgenics, Ltd","HIV, Lancet, Safety, for HIV Test kits, 100 Pcs","HIV, Lancet, Safety, for HIV Test kits, 100 Pcs",Generic,,Test kit - Ancillary,100,6502,65.02,0.01,0.0,Inverness Japan,Yes,1927,24870.05,0.1
8989,107-RW-T01,Pre-PQ Process,SCMS-30311,ASN-3852,Rwanda,PMO - US,Direct Drop,CIP,Air,Pre-PQ Process,10/21/2008,21-Apr-09,21-Apr-09,21-Apr-09,ARV,Adult,CIPLA LIMITED,"Lamivudine/Zidovudine 150/300mg, tablets, 60 Tabs",Lamivudine/Zidovudine,Generic,150/300mg,Tablet - FDC,60,22752,207043.2,9.1,0.15,"Cipla, Goa, India",Yes,2086,853.87,405.8
38294,106-HT-T30,FPQ-12590,SCMS-210480,ASN-23855,Haiti,PMO - US,Direct Drop,EXW,Ocean,8/21/2013,10/24/2013,9-May-14,9-May-14,12-May-14,ARV,Adult,CIPLA LIMITED,"Lamivudine/Tenofovir Disoproxil Fumarate 300/300mg, tablets, 30 Tabs",Lamivudine/Tenofovir Disoproxil Fumarate,Generic,300/300mg,Tablet - FDC,30,4176,19209.6,4.6,0.15,"Cipla, Kurkumbh, India",Yes,426,2251.94,23.76
82948,117-ET-T30,FPQ-7000,SO-38410,DN-2200,Ethiopia,PMO - US,From RDC,N/A - From RDC,Air,1/7/2011,N/A - From RDC,10-May-11,18-May-11,18-May-11,ARV,Adult,SCMS from RDC,"Didanosine 400mg, delayed-release capsules, 30 Caps",Didanosine,Generic,400mg,Delayed-release capsules,30,1237,24740.0,20.0,0.67,"Aurobindo Unit III, India",No,See DN-2200 (ID#:82947),See DN-2200 (ID#:82947),40.82
83460,151-NG-T30,FPQ-5688,SO-37500,DN-2025,Nigeria,PMO - US,From RDC,N/A - From RDC,Air,5/27/2010,N/A - From RDC,22-Oct-10,10-Nov-10,10-Nov-10,ARV,Adult,SCMS from RDC,"Zidovudine 300mg, tablets, 60 Tabs",Zidovudine,Generic,300mg,Tablet,60,15650,112836.5,7.21,0.12,"Aurobindo Unit III, India",Yes,16417,20264.93,243.28
85744,113-ZW-T30,FPQ-6470,SO-38830,DN-2128,Zimbabwe,PMO - US,From RDC,N/A - From RDC,Truck,10/13/2010,N/A - From RDC,31-Mar-11,18-Mar-11,18-Mar-11,ARV,Adult,SCMS from RDC,"Efavirenz 600mg, tablets, 30 Tabs",Efavirenz,Generic,600mg,Tablet,30,6392,27741.28,4.34,0.14,Mylan (formerly Matrix) Nashik,No,See DN-2128 (ID#:84624),See DN-2128 (ID#:84624),59.81
85475,111-MZ-T30,FPQ-13123,SO-47091,DN-3696,Mozambique,PMO - US,From RDC,N/A - From RDC,Truck,10/21/2013,N/A - From RDC,31-Jul-14,5-Sep-14,8-Sep-14,ARV,Adult,SCMS from RDC,"Lopinavir/Ritonavir 200/50mg [Aluvia], tablets, 120 Tabs",Lopinavir/Ritonavir,Aluvia,200/50mg,Tablet,120,12800,241920.0,18.9,0.16,ABBVIE Ludwigshafen Germany,Yes,2844,4853.84,248.69
85554,151-NG-T30,FPQ-14156,SO-48893,DN-4098,Nigeria,PMO - US,From RDC,N/A - From RDC,Air Charter,4/25/2014,N/A - From RDC,30-Jan-15,14-Jan-15,20-Jan-15,ARV,Adult,SCMS from RDC,"Lamivudine/Nevirapine/Zidovudine 150/200/300mg, tablets, 60 Tabs",Lamivudine/Nevirapine/Zidovudine,Generic,150/300/200mg,Tablet - FDC,60,24000,185280.0,7.72,0.13,Hetero Unit III Hyderabad IN,No,See DN-4098 (ID#:84443),See DN-4098 (ID#:84443),190.47
85042,103-ZW-T30,FPQ-15197,SO-50020,DN-4307,Zimbabwe,PMO - US,From RDC,N/A - From RDC,Truck,10/16/2014,N/A - From RDC,31-Jul-15,15-Jul-15,20-Jul-15,ARV,Pediatric,SCMS from RDC,"Lamivudine/Zidovudine 30/60mg, dispersible tablets, 60 Tabs",Lamivudine/Zidovudine,Generic,30/60mg,Chewable/dispersible tablet - FDC,60,9262,18431.38,1.99,0.03,"Cipla, Goa, India",No,See DN-4307 (ID#:83920),See DN-4307 (ID#:83920),21.69
84642,104-CI-T30,FPQ-6144,SO-38990,DN-2187,Côte d'Ivoire,PMO - US,From RDC,N/A - From RDC,Air,8/3/2010,N/A - From RDC,23-Mar-11,7-Jun-11,7-Jun-11,ARV,Pediatric,SCMS from RDC,"Efavirenz 200mg, capsule, 90 Caps",Efavirenz,Generic,200mg,Capsule,90,20,194.2,9.71,0.11,"Aurobindo Unit III, India",Yes,3,1355.31,0.42
11043,114-UG-T01,Pre-PQ Process,SO-30060,DN-1227,Uganda,PMO - US,From RDC,N/A - From RDC,Air,Pre-PQ Process,N/A - From RDC,1-Jun-09,1-Jun-09,1-Jun-09,ARV,Adult,SCMS from RDC,"Lopinavir/Ritonavir 200/50mg [Aluvia], tablets, 120 Tabs",Lopinavir/Ritonavir,Aluvia,200/50mg,Tablet,120,100,4110.0,41.1,0.34,ABBVIE Ludwigshafen Germany,Yes,23,1152.63,8.06
83334,104-CI-T30,FPQ-14370,SO-49040,DN-4253,Côte d'Ivoire,PMO - US,From RDC,N/A - From RDC,Truck,5/23/2014,N/A - From RDC,8-Jun-15,8-Jun-15,19-Jun-15,ARV,Adult,SCMS from RDC,"Lopinavir/Ritonavir 200/50mg, tablets, 120 Tabs",Lopinavir/Ritonavir,Generic,200/50mg,Tablet,120,11169,216231.84,19.36,0.16,"Aurobindo Unit III, India",Yes,13107,20816.42,222.29
82773,114-UG-T30,FPQ-14396,SO-48994,DN-4101,Uganda,PMO - US,From RDC,N/A - From RDC,Truck,6/4/2014,N/A - From RDC,27-Feb-15,25-Feb-15,5-Mar-15,ARV,Adult,SCMS from RDC,"Lamivudine/Tenofovir Disoproxil Fumarate 300/300mg, tablets, 30 Tabs",Lamivudine/Tenofovir Disoproxil Fumarate,Generic,300/300mg,Tablet - FDC,30,19086,88368.18,4.63,0.15,"Cipla, Kurkumbh, India",Yes,2389,10011.25,90.84
1530,108-VN-T01,Pre-PQ Process,SCMS-14760,ASN-1230,Vietnam,PMO - US,Direct Drop,EXW,Air,Pre-PQ Process,12/5/2007,1-Feb-08,1-Feb-08,1-Feb-08,ARV,Adult,Aurobindo Pharma Limited,"Stavudine 20mg, capsules, 60 Caps",Stavudine,Generic,20mg,Capsule,60,1200,2100.0,1.75,0.03,"Aurobindo Unit III, India",Yes,125,2429.85,3.36
84019,109-TZ-T30,FPQ-5173,SO-36030,DN-1927,Tanzania,PMO - US,From RDC,N/A - From RDC,Air,2/23/2010,N/A - From RDC,19-Jul-10,4-Aug-10,4-Aug-10,ARV,Adult,SCMS from RDC,"Abacavir 300mg, tablets, 60 Tabs",Abacavir,Generic,300mg,Tablet,60,23358,400356.12,17.14,0.29,Mylan (formerly Matrix) Nashik,Yes,2344,9309.52,863.17
84701,101-CD-T30,FPQ-8840,SO-41137,DN-2499,"Congo, DRC",PMO - US,From RDC,N/A - From RDC,Air,11/21/2011,N/A - From RDC,16-Mar-12,14-Feb-12,14-Feb-12,ARV,Adult,SCMS from RDC,"Lamivudine/Nevirapine/Zidovudine 150/200/300mg, tablets, 60 Tabs",Lamivudine/Nevirapine/Zidovudine,Generic,150/300/200mg,Tablet - FDC,60,680,7480.0,11.0,0.18,Mylan (formerly Matrix) Nashik,No,See DN-2499 (ID#:83004),See DN-2499 (ID#:83004),10.49
12277,111-MZ-T01,Pre-PQ Process,SO-28550,DN-1215,Mozambique,PMO - US,From RDC,N/A - From RDC,Air,Pre-PQ Process,N/A - From RDC,28-Jun-09,28-Jun-09,28-Jun-09,ARV,Adult,SCMS from RDC,"Lamivudine/Nevirapine/Stavudine 150/200/30mg, tablets, 60 Tabs",Lamivudine/Nevirapine/Stavudine,Generic,150/200/30mg,Tablet - FDC,60,17618,126849.6,7.2,0.12,"Cipla, Goa, India",No,See DN-1215 (ID#:10764),See DN-1215 (ID#:10764),248.63
70162,113-ZW-T30,FPQ-4483,SCMS-56170,ASN-5501,Zimbabwe,PMO - US,Direct Drop,EXW,Air,10/27/2009,10/29/2009,4-Jan-10,4-Jan-10,4-Jan-10,HRDT,HIV test,"Standard Diagnostics, Inc.","HIV 1/2, Bioline 3.0 Kit, Lancets, Capillary pipets, Alcohol swabs included, 25 Tests","HIV 1/2, Bioline 3.0 Kit, Lancets, Capillary pipets, Alcohol swabs included",Bioline,,Test kit,25,5080,101600.0,20.0,0.8,"Standard Diagnostics, Korea",Yes,1694,12127.58,219.05
11281,110-ZM-T01,Pre-PQ Process,SO-17621,DN-1111,Zambia,PMO - US,From RDC,N/A - From RDC,Air,Pre-PQ Process,N/A - From RDC,2-Mar-09,2-Mar-09,2-Mar-09,ARV,Adult,SCMS from RDC,"Zidovudine 300mg, tablets, 60 Tabs",Zidovudine,Generic,300mg,Tablet,60,10000,79000.0,7.9,0.13,"Aurobindo Unit III, India",Yes,581,3238,154.84
30819,109-TZ-T30,FPQ-6936,SCMS-100650,ASN-10469,Tanzania,PMO - US,Direct Drop,EXW,Air,12/27/2010,3/2/2011,1-Jun-11,1-Jun-11,1-Jun-11,HRDT,HIV test,"Orgenics, Ltd","HIV 1/2, Determine Complete HIV Kit, 100 Tests","HIV 1/2, Determine Complete HIV Kit",Determine,,Test kit,100,1250,100000.0,80.0,0.8,Inverness Japan,Yes,600,14398.69,165.0
83246,101-CD-T30,FPQ-13554,SO-47632,DN-3715,"Congo, DRC",PMO - US,From RDC,N/A - From RDC,Air,1/15/2014,N/A - From RDC,30-May-14,15-Aug-14,5-Sep-14,ARV,Adult,SCMS from RDC,"Zidovudine 300mg, tablets, 60 Tabs",Zidovudine,Generic,300mg,Tablet,60,380,2120.4,5.58,0.09,"Aurobindo Unit III, India",Yes,21,895.38,2.18
86821,110-ZM-T30,FPQ-14784,SO-49600,DN-4316,Zambia,PMO - US,From RDC,N/A - From RDC,Truck,8/12/2014,N/A - From RDC,31-Aug-15,25-Aug-15,3-Sep-15,ARV,Adult,SCMS from RDC,"Efavirenz/Lamivudine/Tenofovir Disoproxil Fumarate 600/300/300mg, tablets, 30 Tabs",Efavirenz/Lamivudine/Tenofovir Disoproxil Fumarate,Generic,600/300/300mg,Tablet - FDC,30,514526,5140114.74,9.99,0.33,Cipla Ltd A-42 MIDC Mahar. IN,No,Weight Captured Separately,Freight Included in Commodity Cost,5284.04
26440,110-ZM-T30,FPQ-6263,SCMS-87290,ASN-8998,Zambia,PMO - US,Direct Drop,EXW,Air,9/8/2010,10/7/2010,17-Dec-10,17-Dec-10,17-Dec-10,HRDT,HIV test,"Orgenics, Ltd","HIV 1/2, Determine Complete HIV Kit, 100 Tests","HIV 1/2, Determine Complete HIV Kit",Determine,,Test kit,100,2730,218400.0,80.0,0.8,Inverness Japan,Yes,1318,21737.72,470.87
85276,900-UG-T30,FPQ-10048,SO-42580,DN-2724,Uganda,PMO - US,From RDC,N/A - From RDC,Air,6/6/2012,N/A - From RDC,5-Jul-12,16-Jul-12,16-Jul-12,ARV,Adult,SCMS from RDC,"Nevirapine 200mg, tablets, 60 Tabs",Nevirapine,Generic,200mg,Tablet,60,36000,87840.0,2.44,0.04,"Aurobindo Unit III, India",No,See DN-2724 (ID#:82486),See DN-2724 (ID#:82486),123.15
47084,116-ZA-T30,FPQ-14942,SCMS-295800,ASN-33865,South Africa,PMO - US,Direct Drop,DDP,Truck,9/11/2014,8/24/2015,24-Aug-15,24-Aug-15,24-Aug-15,ARV,Adult,PHARMACY DIRECT,"Tenofovir Disoproxil Fumarate 300mg, tablets, 30 Tabs",Tenofovir Disoproxil Fumarate,Generic,300mg,Tablet,30,30,445.57,14.85,0.5,Mylan (formerly Matrix) Nashik,No,Weight Captured Separately,Freight Included in Commodity Cost,0.46
4798,116-ZA-T01,Pre-PQ Process,SCMS-33320,ASN-3553,South Africa,PMO - US,Direct Drop,DDP,Truck,Pre-PQ Process,Date Not Captured,17-May-09,9-Oct-08,9-Oct-08,ARV,Pediatric,S. BUYS WHOLESALER,"Efavirenz 50mg [Stocrin/Sustiva], capsule, 30 Caps",Efavirenz,Stocrin/Sustiva,50mg,Capsule,30,200,592.0,2.96,0.1,"MSD Midrand, J'burg, SA",No,Weight Captured Separately,Freight Included in Commodity Cost,1.16
33948,116-ZA-T30,FPQ-13973,SCMS-238552,ASN-27606,South Africa,PMO - US,Direct Drop,DDP,Truck,4/30/2014,8/5/2014,5-Aug-14,5-Aug-14,5-Aug-14,ARV,Adult,PHARMACY DIRECT,"Efavirenz 600mg, tablets, 30 Tabs",Efavirenz,Generic,600mg,Tablet,30,60,935.76,15.6,0.52,"Aurobindo Unit III, India",No,Weight Captured Separately,Freight Included in Commodity Cost,0.96
53759,108-VN-T30,FPQ-15087,SCMS-261440,ASN-30320,Vietnam,PMO - US,Direct Drop,EXW,Air,10/24/2014,10/30/2014,10-Mar-15,10-Mar-15,10-Mar-15,ARV,Adult,HETERO LABS LIMITED,"Lamivudine 150mg, tablets, 60 Tabs",Lamivudine,Generic,150mg,Tablet,60,5600,10080.0,1.8,0.03,Hetero Unit III Hyderabad IN,Yes,606,1328.13,11.86
18053,161-ZA-T30,FPQ-5303,SCMS-68740,ASN-7725,South Africa,PMO - US,Direct Drop,DDP,Air,3/18/2010,3/19/2010,1-Sep-10,1-Sep-10,1-Sep-10,ARV,Adult,CIPLA LIMITED,"Tenofovir Disoproxil Fumarate 300mg, tablets, 30 Tabs",Tenofovir Disoproxil Fumarate,Generic,300mg,Tablet,30,26991,211069.62,7.82,0.26,"Cipla, Goa, India",Yes,1842,5298.03,455.07
41201,116-ZA-T30,FPQ-3596,SCMS-50362,ASN-5862,South Africa,PMO - US,Direct Drop,DDP,Truck,5/7/2009,9/22/2009,8-Dec-09,8-Dec-09,8-Dec-09,ARV,Adult,S. BUYS WHOLESALER,"Lamivudine 150mg, tablets, 60 Tabs",Lamivudine,Generic,150mg,Tablet,60,46,470.75,10.23,0.17,"Aurobindo Unit III, India",Yes,Weight Captured Separately,Freight Included in Commodity Cost,0.92
11830,117-ET-T01,Pre-PQ Process,SO-1531,DN-526,Ethiopia,PMO - US,From RDC,N/A - From RDC,Air,Pre-PQ Process,N/A - From RDC,20-Dec-07,20-Dec-07,20-Dec-07,ARV,Pediatric,SCMS from RDC,"Zidovudine 10mg/ml, oral solution, Bottle, 240 ml",Zidovudine,Generic,10mg/ml,Oral solution,240,3286,7064.9,2.15,0.01,"Aurobindo Unit III, India",Yes,1215,8586,11.3
37624,101-CD-T30,FPQ-16001,SCMS-280220,ASN-32231,"Congo, DRC",PMO - US,Direct Drop,EXW,Air,3/10/2015,3/17/2015,23-Jul-15,23-Jul-15,29-Jul-15,HRDT,HIV test,"Orgenics, Ltd","HIV 1/2, Determine Complete HIV Kit, 100 Tests","HIV 1/2, Determine Complete HIV Kit",Determine,,Test kit,100,776,62080.0,80.0,0.8,"Alere Medical Co., Ltd.",No,See ASN-32231 (ID#:13648),See ASN-32231 (ID#:13648),73.07
39226,116-ZA-T30,FPQ-14942,SCMS-259074,ASN-31070,South Africa,PMO - US,Direct Drop,DDP,Truck,9/11/2014,3/9/2015,9-Mar-15,9-Mar-15,9-Mar-15,ARV,Adult,PHARMACY DIRECT,"Abacavir 300mg, tablets, 60 Tabs",Abacavir,Generic,300mg,Tablet,60,5,249.26,49.85,0.83,"Aurobindo Unit III, India",No,Weight Captured Separately,Freight Included in Commodity Cost,0.26
11408,107-RW-T01,Pre-PQ Process,SO-827,DN-277,Rwanda,PMO - US,From RDC,N/A - From RDC,Air,Pre-PQ Process,N/A - From RDC,6-Aug-07,6-Aug-07,6-Aug-07,HRDT,HIV test,SCMS from RDC,"HIV 1/2, Determine Complete HIV Kit, 100 Tests","HIV 1/2, Determine Complete HIV Kit",Determine,,Test kit,100,850,68000.0,80.0,0.8,ABBVIE GmbH & Co.KG Wiesbaden,Yes,195,4613.67,108.8
70184,116-ZA-T30,FPQ-7176,SCMS-104410,ASN-10873,South Africa,PMO - US,Direct Drop,DDP,Ocean,3/10/2011,4/1/2011,6-Aug-11,6-Aug-11,6-Aug-11,ARV,Adult,CIPLA LIMITED,"Tenofovir Disoproxil Fumarate 300mg, tablets, 30 Tabs",Tenofovir Disoproxil Fumarate,Generic,300mg,Tablet,30,65000,420550.0,6.47,0.22,"Cipla, Goa, India",Yes,4364,10758.45,693.91
84030,151-NG-T30,FPQ-5688,SO-36931,DN-1975,Nigeria,PMO - US,From RDC,N/A - From RDC,Air Charter,5/27/2010,N/A - From RDC,31-Aug-10,17-Aug-10,17-Aug-10,ARV,Adult,SCMS from RDC,"Lamivudine/Nevirapine/Zidovudine 150/200/300mg, tablets, 60 Tabs",Lamivudine/Nevirapine/Zidovudine,Generic,150/300/200mg,Tablet - FDC,60,54125,607282.5,11.22,0.19,"Aurobindo Unit III, India",Yes,7050,6147.18,1309.3
20735,107-RW-T30,FPQ-8932,SCMS-129780,ASN-13341,Rwanda,PMO - US,Direct Drop,EXW,Ocean,12/6/2011,12/13/2011,13-Apr-12,13-Apr-12,13-Apr-12,ARV,Adult,Aurobindo Pharma Limited,"Lamivudine/Tenofovir Disoproxil Fumarate 300/300mg, tablets, 30 Tabs",Lamivudine/Tenofovir Disoproxil Fumarate,Generic,300/300mg,Tablet - FDC,30,132000,706200.0,5.35,0.18,"Aurobindo Unit VII, IN",Yes,12886,102761.99,990.09
86284,151-NG-T30,FPQ-4537,SO-35120,DN-1741,Nigeria,PMO - US,From RDC,N/A - From RDC,Air Charter,11/6/2009,N/A - From RDC,31-Mar-10,31-Mar-10,31-Mar-10,ARV,Adult,SCMS from RDC,"Lamivudine/Stavudine 150/30mg, tablets, 60 Tabs",Lamivudine/Stavudine,Generic,150/30mg,Tablet - FDC,60,28,95.2,3.4,0.06,"Strides, Bangalore, India.",Yes,2,Freight Included in Commodity Cost,0.21
11750,110-ZM-T01,Pre-PQ Process,SO-538,DN-254,Zambia,PMO - US,From RDC,N/A - From RDC,,Pre-PQ Process,N/A - From RDC,27-Jul-07,27-Jul-07,27-Jul-07,HRDT,HIV test,SCMS from RDC,"HIV 1/2, Uni-Gold HIV Kit, 20 Tests","HIV 1/2, Uni-Gold HIV Kit",Uni-Gold,,Test kit,20,2453,78496.0,32.0,1.6,"Trinity Biotech, Plc",Yes,821,5234.8,125.59
7721,116-ZA-T01,Pre-PQ Process,SCMS-40810,ASN-3634,South Africa,PMO - US,Direct Drop,DDP,Air,Pre-PQ Process,Date Not Captured,31-Mar-09,2-Dec-08,2-Dec-08,ARV,Adult,S. BUYS WHOLESALER,"Efavirenz 600mg, tablets, 30 Tabs",Efavirenz,Generic,600mg,Tablet,30,6734,98383.74,14.61,0.49,"Cipla, Goa, India",No,Weight Captured Separately,Freight Included in Commodity Cost,192.83
10715,110-ZM-T01,Pre-PQ Process,SO-2491,DN-951,Zambia,PMO - US,From RDC,N/A - From RDC,Truck,Pre-PQ Process,N/A - From RDC,21-Oct-08,21-Oct-08,21-Oct-08,ARV,Adult,SCMS from RDC,"Nevirapine 200mg, tablets, 60 Tabs",Nevirapine,Generic,200mg,Tablet,60,29011,98637.4,3.4,0.06,"Aurobindo Unit III, India",Yes,2717,4060.55,193.33
86017,113-ZW-T30,FPQ-11545,SO-44360,DN-3413,Zimbabwe,PMO - US,From RDC,N/A - From RDC,Truck,1/24/2013,N/A - From RDC,30-Nov-13,25-Nov-13,9-Dec-13,ARV,Adult,SCMS from RDC,"Lamivudine/Tenofovir Disoproxil Fumarate 300/300mg, tablets, 30 Tabs",Lamivudine/Tenofovir Disoproxil Fumarate,Generic,300/300mg,Tablet - FDC,30,83551,401880.31,4.81,0.16,Hetero Unit III Hyderabad IN,No,See DN-3413 (ID#:83181),See DN-3413 (ID#:83181),497.13
36443,106-HT-T30,FPQ-14083,SCMS-240220,ASN-26559,Haiti,PMO - US,Direct Drop,EXW,Air,5/11/2014,6/2/2014,18-Jul-14,18-Jul-14,31-Jul-14,ARV,Pediatric,Aurobindo Pharma Limited,"Nevirapine 50mg, dispersible tablets (tablets for oral suspension), 30 Tabs",Nevirapine,Generic,50mg,Chewable/dispersible tablet,30,2438,3047.5,1.25,0.04,"Aurobindo Unit III, India",No,See ASN-26559 (ID#:15240),See ASN-26559 (ID#:15240),3.13
82782,107-RW-T30,FPQ-14111,SO-48810,DN-4149,Rwanda,PMO - US,From RDC,N/A - From RDC,Truck,4/22/2014,N/A - From RDC,31-Mar-15,24-Mar-15,24-Mar-15,ARV,Adult,SCMS from RDC,"Lamivudine/Tenofovir Disoproxil Fumarate 300/300mg, tablets, 30 Tabs",Lamivudine/Tenofovir Disoproxil Fumarate,Generic,300/300mg,Tablet - FDC,30,21868,100374.12,4.59,0.15,Ranbaxy per Shasun Pharma,Yes,4326,9426.33,103.18
12176,114-UG-T01,Pre-PQ Process,SO-2675,DN-835,Uganda,PMO - US,From RDC,N/A - From RDC,Air,Pre-PQ Process,N/A - From RDC,4-Aug-08,4-Aug-08,4-Aug-08,ARV,Adult,SCMS from RDC,"Lamivudine/Nevirapine/Zidovudine 150/200/300mg, tablets, 60 Tabs",Lamivudine/Nevirapine/Zidovudine,Generic,150/300/200mg,Tablet - FDC,60,7296,96890.88,13.28,0.22,"Aurobindo Unit III, India",Yes,824,3182.52,155.03
13007,102-BI-T30,FPQ-11670,SCMS-179360,ASN-19161,Burundi,PMO - US,Direct Drop,EXW,Air,2/20/2013,3/14/2013,10-Jun-13,10-Jun-13,10-Jun-13,HRDT,HIV test,"Orgenics, Ltd","HIV 1/2, Determine Complete HIV Kit, 100 Tests","HIV 1/2, Determine Complete HIV Kit",Determine,,Test kit,100,1468,117440.0,80.0,0.8,"Alere Medical Co., Ltd.",Yes,638,12922.07,145.27
82795,151-NG-T30,FPQ-14766,SO-49687,DN-4227,Nigeria,PMO - US,From RDC,N/A - From RDC,Air Charter,8/13/2014,N/A - From RDC,30-Apr-15,15-Apr-15,20-Apr-15,ARV,Adult,SCMS from RDC,"Zidovudine 300mg, tablets, 60 Tabs",Zidovudine,Generic,300mg,Tablet,60,21347,113779.51,5.33,0.09,"Cipla, Goa, India",Yes,1554,3583,116.97
12047,100-CI-T01,Pre-PQ Process,SO-431,DN-76,Côte d'Ivoire,PMO - US,From RDC,N/A - From RDC,,Pre-PQ Process,N/A - From RDC,30-Apr-07,30-Apr-07,30-Apr-07,ARV,Adult,SCMS from RDC,"Efavirenz 600mg, tablets, 30 Tabs",Efavirenz,Generic,600mg,Tablet,30,8148,132405.0,16.25,0.54,"Aurobindo Unit III, India",Yes,741,2656,
82419,111-MZ-T30,FPQ-8157,SO-40320,DN-2425,Mozambique,PMO - US,From RDC,N/A - From RDC,Truck,8/4/2011,N/A - From RDC,14-Dec-11,14-Dec-11,14-Dec-11,ARV,Adult,SCMS from RDC,"Lamivudine/Nevirapine/Zidovudine 150/200/300mg, tablets, 60 Tabs",Lamivudine/Nevirapine/Zidovudine,Generic,150/300/200mg,Tablet - FDC,60,107325,1204186.5,11.22,0.19,"Aurobindo Unit VII, IN",Yes,12669,11291.75,1986.91
12400,110-ZM-T01,Pre-PQ Process,SO-908,DN-319,Zambia,PMO - US,From RDC,N/A - From RDC,Air,Pre-PQ Process,N/A - From RDC,29-Aug-07,29-Aug-07,29-Aug-07,ARV,Adult,SCMS from RDC,"Lamivudine 150mg, tablets, 60 Tabs",Lamivudine,Generic,150mg,Tablet,60,30000,91200.0,3.04,0.05,"Aurobindo Unit III, India",No,See DN-319 (ID#:11765),See DN-319 (ID#:11765),145.92
69461,116-ZA-T30,FPQ-13035,SCMS-215370,ASN-24415,South Africa,PMO - US,Direct Drop,DDP,Truck,10/8/2013,12/2/2013,6-Feb-14,6-Feb-14,6-Feb-14,ARV,Adult,S. BUYS WHOLESALER,"Emtricitabine/Tenofovir Disoproxil Fumarate 200/300mg, tablets, 30 Tabs",Emtricitabine/Tenofovir Disoproxil Fumarate,Generic,200/300mg,Tablet - FDC,30,4,119.68,29.92,1.0,"Aurobindo Unit III, India",No,Weight Captured Separately,Freight Included in Commodity Cost,0.15
28306,105-SS-T30,FPQ-11754,SCMS-181401,ASN-20649,South Sudan,PMO - US,Direct Drop,EXW,Air,2/22/2013,4/1/2013,13-Sep-13,13-Sep-13,13-Sep-13,HRDT,HIV test,"Orgenics, Ltd","HIV 1/2, Determine Complete HIV Kit, 100 Tests","HIV 1/2, Determine Complete HIV Kit",Determine,,Test kit,100,90,8010.0,89.0,0.89,"Alere Medical Co., Ltd.",Yes,39,1405.56,9.91
83661,106-HT-T30,FPQ-11281,SO-44400,DN-3015,Haiti,PMO - US,From RDC,N/A - From RDC,Air,1/16/2013,N/A - From RDC,9-Apr-13,14-Mar-13,14-Mar-13,ARV,Adult,SCMS from RDC,"Lopinavir/Ritonavir 200/50mg, tablets, 120 Tabs",Lopinavir/Ritonavir,Generic,200/50mg,Tablet,120,6160,152521.6,24.76,0.21,Mylan (formerly Matrix) Nashik,No,See DN-3015 (ID#:82554),See DN-3015 (ID#:82554),188.67
86567,110-ZM-T30,FPQ-11969,SO-44900,DN-3115,Zambia,PMO - US,From RDC,N/A - From RDC,Air,3/26/2013,N/A - From RDC,28-Jun-13,14-May-13,14-May-13,ARV,Adult,SCMS from RDC,"Emtricitabine/Tenofovir Disoproxil Fumarate 200/300mg, tablets, 30 Tabs",Emtricitabine/Tenofovir Disoproxil Fumarate,Generic,200/300mg,Tablet - FDC,30,18216,110571.12,6.07,0.2,Mylan (formerly Matrix) Nashik,Yes,1500,7513.5,136.78
50031,116-ZA-T30,FPQ-12522,SCMS-199280,ASN-24433,South Africa,PMO - US,Direct Drop,DDP,Truck,7/11/2013,8/13/2013,7-Feb-14,7-Feb-14,7-Feb-14,ARV,Pediatric,S. BUYS WHOLESALER,"Efavirenz 200mg, capsule, 90 Caps",Efavirenz,Generic,200mg,Capsule,90,46,1196.97,26.02,0.29,"Aurobindo Unit III, India",No,Weight Captured Separately,Freight Included in Commodity Cost,1.48
66792,108-VN-T30,FPQ-5094,SCMS-68370,ASN-7486,Vietnam,PMO - US,Direct Drop,EXW,Air,3/15/2010,3/24/2010,3-Aug-10,3-Aug-10,3-Aug-10,ARV,Adult,STRIDES ARCOLAB LIMITED,"Lamivudine 150mg, tablets, 60 Tabs",Lamivudine,Generic,150mg,Tablet,60,43262,101665.7,2.35,0.04,"Strides, Bangalore, India.",Yes,2035,8711.4,219.19
914,104-CI-T01,Pre-PQ Process,SCMS-35790,ASN-3242,Côte d'Ivoire,PMO - US,Direct Drop,EXW,Air,Pre-PQ Process,12/19/2008,2-Mar-09,2-Mar-09,2-Mar-09,ANTM,Malaria,IDA FOUNDATION,"Quinine 600mg/2ml (as dihydrochloride), injection, 2ml x 100 Ampules",Quinine (as dihydrochloride),Generic,600mg/2ml,Injection,100,140,2731.4,19.51,0.2,Gland Pharma Ltd Pally Factory,Yes,5209,25405.22,5.35
17949,161-ZA-T30,FPQ-6262,SCMS-83770,ASN-10127,South Africa,PMO - US,Direct Drop,DDP,Ocean,8/31/2010,9/24/2010,26-Apr-11,26-Apr-11,26-Apr-11,ARV,Adult,Aurobindo Pharma Limited,"Efavirenz 600mg, tablets, 30 Tabs",Efavirenz,Generic,600mg,Tablet,30,32280,146228.4,4.53,0.15,"Aurobindo Unit III, India",Yes,7017,11372.23,315.27
85821,101-CD-T30,FPQ-8840,SO-41144,DN-2508,"Congo, DRC",PMO - US,From RDC,N/A - From RDC,Air,11/21/2011,N/A - From RDC,16-Mar-12,14-Mar-12,14-Mar-12,ARV,Adult,SCMS from RDC,"Zidovudine 300mg, tablets, 60 Tabs",Zidovudine,Generic,300mg,Tablet,60,187,1312.74,7.02,0.12,Hetero Unit III Hyderabad IN,Yes,125,1554.64,1.84
83635,103-ZW-T30,FPQ-9907,SO-42270,DN-2914,Zimbabwe,PMO - US,From RDC,N/A - From RDC,Truck,5/15/2012,N/A - From RDC,19-Nov-12,19-Nov-12,19-Nov-12,ARV,Pediatric,SCMS from RDC,"Lamivudine/Zidovudine 30/60mg, tablets, 60 Tabs",Lamivudine/Zidovudine,Generic,30/60mg,Tablet - FDC,60,19733,54463.08,2.76,0.05,"Aurobindo Unit III, India",No,See DN-2914 (ID#:83089),See DN-2914 (ID#:83089),76.36
83956,113-ZW-T30,FPQ-4472,SO-27190,DN-1500,Zimbabwe,PMO - US,From RDC,N/A - From RDC,Truck,3/17/2009,N/A - From RDC,15-Nov-09,9-Nov-09,9-Nov-09,ARV,Adult,SCMS from RDC,"Efavirenz 600mg, tablets, 30 Tabs",Efavirenz,Generic,600mg,Tablet,30,4000,23120.0,5.78,0.19,"Aurobindo Unit III, India",No,See DN-1500 (ID#:82274),See DN-1500 (ID#:82274),45.32
86340,110-ZM-T30,FPQ-5702,SO-36841,DN-2018,Zambia,PMO - US,From RDC,N/A - From RDC,Truck,5/20/2010,N/A - From RDC,4-Nov-10,12-Oct-10,12-Oct-10,ARV,Adult,SCMS from RDC,"Efavirenz 600mg, tablets, 30 Tabs",Efavirenz,Generic,600mg,Tablet,30,8200,36490.0,4.45,0.15,"Aurobindo Unit III, India",No,See DN-2018 (ID#:82352),See DN-2018 (ID#:82352),78.67
85271,110-ZM-T30,FPQ-9081,SO-41281,DN-2703,Zambia,PMO - US,From RDC,N/A - From RDC,Truck,12/22/2011,N/A - From RDC,29-Jun-12,18-Jun-12,18-Jun-12,ARV,Adult,SCMS from RDC,"Nevirapine 200mg, tablets, 60 Tabs",Nevirapine,Generic,200mg,Tablet,60,181926,443899.44,2.44,0.04,Hetero Unit III Hyderabad IN,Yes,11438,4496.15,622.35
85389,102-BI-T30,FPQ-12065,SO-45180,DN-3234,Burundi,PMO - US,From RDC,N/A - From RDC,Air,4/22/2013,N/A - From RDC,9-Jul-13,23-Aug-13,23-Aug-13,ARV,Pediatric,SCMS from RDC,"Zidovudine 10mg/ml, oral solution w/syringe, Bottle, 240 ml",Zidovudine,Generic,10mg/ml,Oral solution,240,1480,3108.0,2.1,0.01,"Aurobindo Unit III, India",No,See DN-3234 (ID#:85388),See DN-3234 (ID#:85388),3.84
60000,108-VN-T30,FPQ-7427,SCMS-105490,ASN-11857,Vietnam,PMO - US,Direct Drop,EXW,Air,3/31/2011,4/14/2011,21-Sep-11,21-Sep-11,21-Sep-11,ARV,Adult,MYLAN LABORATORIES LTD (FORMERLY MATRIX LABORATORIES),"Lamivudine/Nevirapine/Zidovudine 150/200/300mg, tablets, 60 Tabs",Lamivudine/Nevirapine/Zidovudine,Generic,150/300/200mg,Tablet - FDC,60,25572,281036.28,10.99,0.18,Mylan (formerly Matrix) Nashik,Yes,3572,10657.33,463.71
9750,108-VN-T01,Pre-PQ Process,SCMS-23440,ASN-2335,Vietnam,PMO - US,Direct Drop,EXW,Air,Pre-PQ Process,5/13/2008,20-Sep-08,20-Sep-08,20-Sep-08,ARV,Adult,MYLAN LABORATORIES LTD (FORMERLY MATRIX LABORATORIES),"Efavirenz 600mg, tablets, 30 Tabs",Efavirenz,Generic,600mg,Tablet,30,5040,51609.6,10.24,0.34,Mylan (formerly Matrix) Nashik,No,See ASN-2335 (ID#:5796),See ASN-2335 (ID#:5796),82.58
86525,114-UG-T30,FPQ-10556,SO-43180,DN-2890,Uganda,PMO - US,From RDC,N/A - From RDC,Air,8/30/2012,N/A - From RDC,8-Nov-12,29-Oct-12,29-Oct-12,ARV,Adult,SCMS from RDC,"Efavirenz 600mg, tablets, 30 Tabs",Efavirenz,Generic,600mg,Tablet,30,2700,10287.0,3.81,0.13,"Aurobindo Unit III, India",Yes,234,2154.1,14.42
76938,161-ZA-T30,FPQ-6262,SCMS-83830,ASN-9194,South Africa,PMO - US,Direct Drop,DDP,Ocean,8/31/2010,9/24/2010,6-Jan-11,27-Jan-11,27-Jan-11,ARV,Adult,Aurobindo Pharma Limited,"Tenofovir Disoproxil Fumarate 300mg, tablets, 30 Tabs",Tenofovir Disoproxil Fumarate,Generic,300mg,Tablet,30,58143,386650.95,6.65,0.22,"Aurobindo Unit III, India",Yes,5427,7905.96,833.62
83160,109-TZ-T30,FPQ-12015,SO-44984,DN-3316,Tanzania,PMO - US,From RDC,N/A - From RDC,Truck,4/2/2013,N/A - From RDC,31-Oct-13,27-Sep-13,27-Sep-13,ARV,Pediatric,SCMS from RDC,"Lamivudine/Zidovudine 30/60mg, tablets, 60 Tabs",Lamivudine/Zidovudine,Generic,30/60mg,Tablet - FDC,60,25836,55547.4,2.15,0.04,Mylan (formerly Matrix) Nashik,Yes,5467,3567.2,68.71
11824,117-ET-T01,Pre-PQ Process,SO-1009,DN-495,Ethiopia,PMO - US,From RDC,N/A - From RDC,,Pre-PQ Process,N/A - From RDC,20-Dec-07,20-Dec-07,20-Dec-07,ARV,Pediatric,SCMS from RDC,"Nevirapine 10mg/ml, oral suspension, Bottle, 240 ml",Nevirapine,Generic,10mg/ml,Oral suspension,240,11168,69241.6,6.2,0.03,"Aurobindo Unit III, India",Yes,4583,14554.5,110.79
84518,151-NG-T30,FPQ-4105,SO-33143,DN-1564,Nigeria,PMO - US,From RDC,N/A - From RDC,Air Charter,8/13/2009,N/A - From RDC,18-Dec-09,18-Dec-09,18-Dec-09,ARV,Adult,SCMS from RDC,"Emtricitabine/Tenofovir Disoproxil Fumarate 200/300mg, tablets, 30 Tabs",Emtricitabine/Tenofovir Disoproxil Fumarate,Generic,200/300mg,Tablet - FDC,30,63732,748851.0,11.75,0.39,Mylan (formerly Matrix) Nashik,Yes,5144,11637.64,1467.75
83559,101-CD-T30,FPQ-8840,SO-41140,DN-2504,"Congo, DRC",PMO - US,From RDC,N/A - From RDC,Air,11/21/2011,N/A - From RDC,16-Mar-12,3-Apr-12,3-Apr-12,ARV,Pediatric,SCMS from RDC,"Nevirapine 10mg/ml, oral suspension w/syringe, Bottle, 240 ml",Nevirapine,Generic,10mg/ml,Oral suspension,240,186,362.7,1.95,0.01,"Aurobindo Unit III, India",Yes,81,1535.56,0.51
82062,116-ZA-T30,FPQ-13214,SCMS-215410,ASN-23875,South Africa,PMO - US,Direct Drop,DDP,Truck,11/14/2013,12/2/2013,13-Jan-14,13-Jan-14,13-Jan-14,ARV,Adult,S. BUYS WHOLESALER,"Abacavir 300mg, tablets, 60 Tabs",Abacavir,Generic,300mg,Tablet,60,3,193.74,64.58,1.08,"Aurobindo Unit III, India",No,Weight Captured Separately,Freight Included in Commodity Cost,0.2
85706,104-CI-T30,FPQ-5623,SO-36880,DN-2011,Côte d'Ivoire,PMO - US,From RDC,N/A - From RDC,Air,5/7/2010,N/A - From RDC,30-Sep-10,25-Sep-10,25-Sep-10,ARV,Pediatric,SCMS from RDC,"Abacavir 20mg/ml, oral solution, Bottle, 240 ml",Abacavir,Generic,20mg/ml,Oral solution,240,116,1577.6,13.6,0.06,"Aurobindo Unit III, India",No,See DN-2011 (ID#:82350),See DN-2011 (ID#:82350),3.4
85704,110-ZM-T30,FPQ-5702,SO-36844,DN-2003,Zambia,PMO - US,From RDC,N/A - From RDC,Air,5/20/2010,N/A - From RDC,22-Sep-10,1-Sep-10,1-Sep-10,ARV,Adult,SCMS from RDC,"Lamivudine/Zidovudine 150/300mg, tablets, 60 Tabs",Lamivudine/Zidovudine,Generic,150/300mg,Tablet - FDC,60,112227,959540.85,8.55,0.14,Hetero Unit III Hyderabad IN,No,See DN-2003 (ID#:85146),See DN-2003 (ID#:85146),2068.77
6023,106-HT-T01,Pre-PQ Process,DSCM-10090,ASN-2615,Haiti,PMO - US,Direct Drop,EXW,Air,Pre-PQ Process,Date Not Captured,16-Dec-08,16-Oct-08,16-Oct-08,ANTM,Malaria,IDA FOUNDATION,"Chloroquine 150mg base (as phosphate), [DON] tablets, 1000 Tabs",Chloroquine base (as phosphate),Generic,150mg,Tablet,1000,30,197.1,6.57,0.01,Meditab (for Cipla) Daman IN,Yes,3221,21015.77,0.39
36978,108-VN-T30,FPQ-10286,SCMS-156250,ASN-17673,Vietnam,PMO - US,Direct Drop,EXW,Air,7/25/2012,8/15/2012,4-Feb-13,4-Feb-13,4-Feb-13,ARV,Pediatric,MICRO LABS LIMITED,"Efavirenz 50mg, capsule, 30 Caps",Efavirenz,Generic,50mg,Capsule,30,1240,2504.8,2.02,0.07,"Micro labs, Verna, Goa, India",Yes,71,990.04,3.51
82960,111-MZ-T30,FPQ-7053,SO-40060,DN-2268,Mozambique,PMO - US,From RDC,N/A - From RDC,Truck,1/24/2011,N/A - From RDC,31-Aug-11,1-Sep-11,1-Sep-11,ARV,Adult,SCMS from RDC,"Lamivudine/Nevirapine/Zidovudine 150/200/300mg, tablets, 60 Tabs",Lamivudine/Nevirapine/Zidovudine,Generic,150/300/200mg,Tablet - FDC,60,125202,1404766.44,11.22,0.19,Mylan (formerly Matrix) Nashik,Yes,34813,14716.83,2317.86
86347,104-CI-T30,FPQ-5925,SO-37150,DN-2035,Côte d'Ivoire,PMO - US,From RDC,N/A - From RDC,Truck,6/23/2010,N/A - From RDC,30-Nov-10,26-Nov-10,26-Nov-10,ARV,Pediatric,SCMS from RDC,"Didanosine 200mg, chewable/dispersible tablets, 60 Tabs",Didanosine,Generic,200mg,Chewable/dispersible tablet,60,1192,18476.0,15.5,0.26,"Aurobindo Unit III, India",No,See DN-2035 (ID#:82356),See DN-2035 (ID#:82356),39.83
11452,111-MZ-T01,Pre-PQ Process,SO-924,DN-344,Mozambique,PMO - US,From RDC,N/A - From RDC,Air,Pre-PQ Process,N/A - From RDC,5-Oct-07,5-Oct-07,5-Oct-07,ARV,Adult,SCMS from RDC,"Lamivudine/Stavudine 150/30mg, tablets, 30 Tabs",Lamivudine/Stavudine,Generic,150/30mg,Tablet - FDC,30,70000,140000.0,2.0,0.07,"Cipla, Goa, India",No,See DN-344 (ID#:11173),See DN-344 (ID#:11173),224.0
84298,104-CI-T30,FPQ-11253,SO-44210,DN-3371,Côte d'Ivoire,PMO - US,From RDC,N/A - From RDC,Truck,12/14/2012,N/A - From RDC,31-Oct-13,22-Oct-13,19-Nov-13,ARV,Adult,SCMS from RDC,"Lopinavir/Ritonavir 200/50mg, tablets, 120 Tabs",Lopinavir/Ritonavir,Generic,200/50mg,Tablet,120,6269,131649.0,21.0,0.18,Mylan (formerly Matrix) Nashik,No,See DN-3371 (ID#:83174),See DN-3371 (ID#:83174),162.85
719,104-CI-T01,Pre-PQ Process,SCMS-29340,ASN-2921,Côte d'Ivoire,PMO - US,Direct Drop,EXW,Air,Pre-PQ Process,9/3/2008,23-Jan-09,23-Jan-09,23-Jan-09,ACT,ACT,IDA FOUNDATION,"Artesunate+Amodiaquine 50+153mg, tablets, co-blister 6+6 Tabs",Artesunate+Amodiaquine,Generic,50+153mg,Tablet - FDC + co-blister,12,25000,9750.0,0.39,0.03,Ipca Dadra/Nagar Haveli IN,Yes,1708,12830.91,19.11
11070,151-NG-T01,Pre-PQ Process,SO-27824,DN-1443,Nigeria,PMO - US,From RDC,N/A - From RDC,Air Charter,Date Not Captured,N/A - From RDC,20-Oct-09,20-Oct-09,20-Oct-09,ARV,Adult,SCMS from RDC,"Emtricitabine/Tenofovir Disoproxil Fumarate 200/300mg, tablets, 30 Tabs",Emtricitabine/Tenofovir Disoproxil Fumarate,Generic,200/300mg,Tablet - FDC,30,441,5181.75,11.75,0.39,Mylan (formerly Matrix) Nashik,Yes,36,9341.49,10.16
85187,200-ZW-T30,FPQ-6483,SO-37890,DN-2202,Zimbabwe,PMO - US,From RDC,N/A - From RDC,Truck,10/13/2010,N/A - From RDC,30-Mar-11,13-Jun-11,13-Jun-11,ARV,Pediatric,SCMS from RDC,"Efavirenz 200mg, capsule, 90 Caps",Efavirenz,Generic,200mg,Capsule,90,811,7874.81,9.71,0.11,"Aurobindo Unit III, India",Yes,103,1224.02,16.98
33544,111-MZ-T30,FPQ-11923,SCMS-187130,ASN-21340,Mozambique,PMO - US,Direct Drop,FCA,Air,4/19/2013,4/25/2013,30-Sep-13,30-Sep-13,30-Sep-13,ARV,Adult,ABBVIE LOGISTICS (FORMERLY ABBOTT LOGISTICS BV),"Ritonavir 100mg [Norvir], film coated tablets, 60 Tabs",Ritonavir,Norvir,100mg,Tablet,60,168,1150.8,6.85,0.11,ABBVIE Ludwigshafen Germany,Yes,23,851.62,1.42
55018,114-UG-T30,FPQ-10788,SCMS-162740,ASN-17430,Uganda,PMO - US,Direct Drop,DAP,Air,10/10/2012,10/25/2012,14-Dec-12,14-Dec-12,14-Dec-12,ARV,Adult,ASPEN PHARMACARE,"Darunavir 300mg [Prezista], tablets, 120 Tabs",Darunavir,Prezista,300mg,Tablet,120,312,20779.2,66.6,0.55,"Aspen-OSD, Port Elizabeth, SA",No,See ASN-17430 (ID#:24384),See ASN-17430 (ID#:24384),25.7
9321,104-CI-T01,Pre-PQ Process,SCMS-698,ASN-727,Côte d'Ivoire,PMO - US,Direct Drop,CIP,Air,Pre-PQ Process,7/13/2007,2-Oct-07,2-Oct-07,2-Oct-07,ARV,Adult,BRISTOL-MYERS SQUIBB,"Stavudine 20mg [Zerit], capsules, 60 Caps",Stavudine,Zerit,20mg,Capsule,60,1389,7833.96,5.64,0.09,"BMS Meymac, France",No,Weight Captured Separately,Freight Included in Commodity Cost,12.53
8465,116-ZA-T01,Pre-PQ Process,SCMS-23500,ASN-2293,South Africa,PMO - US,Direct Drop,DDP,Truck,Pre-PQ Process,Date Not Captured,20-Aug-08,8-May-08,8-May-08,ARV,Pediatric,S. BUYS WHOLESALER,"Efavirenz 50mg [Stocrin/Sustiva], capsule, 30 Caps",Efavirenz,Stocrin/Sustiva,50mg,Capsule,30,240,717.6,2.99,0.1,"MSD Midrand, J'burg, SA",No,Weight Captured Separately,Freight Included in Commodity Cost,1.15
40933,116-ZA-T30,FPQ-3560,SCMS-49661,ASN-5051,South Africa,PMO - US,Direct Drop,DDP,Truck,5/7/2009,7/21/2009,27-Aug-09,27-Aug-09,27-Aug-09,ARV,Adult,S. BUYS WHOLESALER,"Ritonavir 100mg [Norvir], capsules, cool, 84 Caps",Ritonavir,Norvir,100mg,Capsule,84,123,1348.43,10.96,0.13,ABBVIE (Abbott) Logis. UK,Yes,Weight Captured Separately,Freight Included in Commodity Cost,2.64
54251,105-GY-T30,FPQ-10268,SCMS-154470,ASN-16561,Guyana,PMO - US,Direct Drop,EXW,Air,7/16/2012,7/27/2012,19-Oct-12,19-Oct-12,19-Oct-12,ARV,Adult,Aurobindo Pharma Limited,"Lopinavir/Ritonavir 200/50mg, tablets, 120 Tabs",Lopinavir/Ritonavir,Generic,200/50mg,Tablet,120,954,22896.0,24.0,0.2,"Aurobindo Unit III, India",Yes,243,2492.47,32.1
83449,151-NG-T30,FPQ-5688,SO-36913,DN-1971,Nigeria,PMO - US,From RDC,N/A - From RDC,Air Charter,5/27/2010,N/A - From RDC,31-Aug-10,17-Aug-10,17-Aug-10,ARV,Adult,SCMS from RDC,"Emtricitabine/Tenofovir Disoproxil Fumarate 200/300mg, tablets, 30 Tabs",Emtricitabine/Tenofovir Disoproxil Fumarate,Generic,200/300mg,Tablet - FDC,30,3000,35250.0,11.75,0.39,Mylan (formerly Matrix) Nashik,Yes,270,6147.18,76.0
46106,105-SS-T30,FPQ-9807,SCMS-147621,ASN-16786,South Sudan,PMO - US,Direct Drop,EXW,Air,5/18/2012,6/20/2012,8-Feb-13,8-Feb-13,8-Feb-13,HRDT,HIV test,"Trinity Biotech, Plc","HIV 1/2, Uni-Gold HIV Kit, 20 Tests","HIV 1/2, Uni-Gold HIV Kit",Uni-Gold,,Test kit,20,597,19104.0,32.0,1.6,"Trinity Biotech, Plc",Yes,209,3088.04,26.78
62709,108-VN-T30,FPQ-10811,SCMS-164520,ASN-18691,Vietnam,PMO - US,Direct Drop,FCA,Air,10/15/2012,11/7/2012,3-Apr-13,3-Apr-13,3-Apr-13,ARV,Adult,ABBVIE LOGISTICS (FORMERLY ABBOTT LOGISTICS BV),"Lopinavir/Ritonavir 200/50mg [Aluvia], tablets, 120 Tabs",Lopinavir/Ritonavir,Aluvia,200/50mg,Tablet,120,1836,111665.52,60.82,0.51,ABBVIE Ludwigshafen Germany,Yes,439,958.85,138.13
11602,114-UG-T01,Pre-PQ Process,SO-17700,DN-992,Uganda,PMO - US,From RDC,N/A - From RDC,Air,Pre-PQ Process,N/A - From RDC,9-Jan-09,9-Jan-09,9-Jan-09,ARV,Adult,SCMS from RDC,"Lamivudine/Nevirapine/Stavudine 150/200/30mg, tablets, 60 Tabs",Lamivudine/Nevirapine/Stavudine,Generic,150/200/30mg,Tablet - FDC,60,1511,10879.2,7.2,0.12,"Strides, Bangalore, India.",Yes,205,2202.02,21.32
84407,100-ZM-T30,FPQ-13679,SO-48010,DN-3860,Zambia,PMO - US,From RDC,N/A - From RDC,Truck,2/2/2014,N/A - From RDC,31-Jul-14,23-Sep-14,6-Oct-14,ARV,Adult,SCMS from RDC,"Abacavir 300mg, tablets, 60 Tabs",Abacavir,Generic,300mg,Tablet,60,5432,61001.36,11.23,0.19,Mylan (formerly Matrix) Nashik,Yes,506,635.95,62.71
45248,111-MZ-T30,FPQ-13093,SCMS-211550,ASN-24474,Mozambique,PMO - US,Direct Drop,EXW,Air,10/15/2013,11/12/2013,2-Apr-14,2-Apr-14,11-Apr-14,HRDT,HIV test,"Trinity Biotech, Plc","HIV 1/2, Uni-Gold HIV Kit, 20 Tests","HIV 1/2, Uni-Gold HIV Kit",Uni-Gold,,Test kit,20,5673,181536.0,32.0,1.6,"Trinity Biotech, Plc",Yes,1674,10780.63,186.62
12395,111-MZ-T01,Pre-PQ Process,SO-298,DN-304,Mozambique,PMO - US,From RDC,N/A - From RDC,Air,Pre-PQ Process,N/A - From RDC,21-Sep-07,21-Sep-07,21-Sep-07,ARV,Pediatric,SCMS from RDC,"Lamivudine 10mg/ml, oral solution, Bottle, 240 ml",Lamivudine,Generic,10mg/ml,Oral solution,240,2744,6695.36,2.44,0.01,"Cipla, Goa, India",No,See DN-304 (ID#:10589),See DN-304 (ID#:10589),10.71
34058,109-TZ-T30,FPQ-13945,SCMS-235400,ASN-31018,Tanzania,PMO - US,Direct Drop,EXW,Air,3/27/2014,5/6/2014,28-Apr-15,28-Apr-15,28-Apr-15,HRDT,HIV test,"Trinity Biotech, Plc","HIV 1/2, Uni-Gold HIV Kit, 20 Tests","HIV 1/2, Uni-Gold HIV Kit",Uni-Gold,,Test kit,20,84,2688.0,32.0,1.6,"Trinity Biotech, Plc",Yes,33,939.38,2.76
56520,102-SD-T30,FPQ-7321,SCMS-107760,ASN-10899,Sudan,PMO - US,Direct Drop,EXW,Air,3/29/2011,5/2/2011,24-Jun-11,24-Jun-11,24-Jun-11,HRDT,HIV test,"Standard Diagnostics, Inc.","HIV 1/2, Bioline 3.0 Kit, Lancets, Capillary pipets, Alcohol swabs included, 25 Tests","HIV 1/2, Bioline 3.0 Kit, Lancets, Capillary pipets, Alcohol swabs included",Bioline,,Test kit,25,30,600.0,20.0,0.8,"Standard Diagnostics, Korea",Yes,430,4500.71,0.99
70505,114-UG-T30,FPQ-12477,SCMS-198700,ASN-21822,Uganda,PMO - US,Direct Drop,EXW,Ocean,7/8/2013,7/30/2013,8-Nov-13,8-Nov-13,13-Nov-13,ARV,Adult,STRIDES ARCOLAB LIMITED,"Efavirenz 600mg, tablets, 30 Tabs",Efavirenz,Generic,600mg,Tablet,30,63652,203049.88,3.19,0.11,"Strides, Bangalore, India.",Yes,3914,7769.41,251.17
7730,116-ZA-T01,Pre-PQ Process,SCMS-41140,ASN-3752,South Africa,PMO - US,Direct Drop,DDP,Air,Pre-PQ Process,Date Not Captured,31-Mar-09,21-Nov-08,21-Nov-08,ARV,Adult,S. BUYS WHOLESALER,"Saquinavir 200mg [Invirase], capsules, 270 Caps",Saquinavir,Invirase,200mg,Capsule,270,30,1634.7,54.49,0.2,Roche Basel,No,Weight Captured Separately,Freight Included in Commodity Cost,3.2
53659,110-ZM-T30,FPQ-11390,SCMS-173920,ASN-19076,Zambia,PMO - US,Direct Drop,EXW,Air,1/8/2013,1/23/2013,5-Jun-13,6-Jun-13,6-Jun-13,HRDT,HIV test,"Orgenics, Ltd","HIV 1/2, Determine Complete HIV Kit, 100 Tests","HIV 1/2, Determine Complete HIV Kit",Determine,,Test kit,100,2910,232800.0,80.0,0.8,"Alere Medical Co., Ltd.",Yes,2910,21684.99,287.97
70511,104-CI-T30,FPQ-13167,SCMS-215460,ASN-24164,Côte d'Ivoire,PMO - US,Direct Drop,EXW,Air,10/28/2013,12/16/2013,14-Feb-14,14-Feb-14,17-Feb-14,ARV,Pediatric,Aurobindo Pharma Limited,"Didanosine 200mg, delayed-release capsules, 30 Caps",Didanosine,Generic,200mg,Delayed-release capsules,30,827,9097.0,11.0,0.37,"Aurobindo Unit III, India",Yes,72,1721.91,9.35
73287,116-ZA-T30,FPQ-13973,SCMS-238550,ASN-30792,South Africa,PMO - US,Direct Drop,DDP,Truck,4/30/2014,5/8/2014,19-Feb-15,19-Feb-15,19-Feb-15,ARV,Adult,PHARMACY DIRECT,"Darunavir 300mg [Prezista], tablets, 120 Tabs",Darunavir,Prezista,300mg,Tablet,120,3,209.13,69.71,0.58,"Janssen-Cilag, Latina, IT",No,Weight Captured Separately,Freight Included in Commodity Cost,0.21
85044,110-ZM-T30,FPQ-14784,SO-49620,DN-4315,Zambia,PMO - US,From RDC,N/A - From RDC,Truck,8/12/2014,N/A - From RDC,15-Aug-15,25-Aug-15,3-Sep-15,ARV,Adult,SCMS from RDC,"Nevirapine 200mg, tablets, 60 Tabs",Nevirapine,Generic,200mg,Tablet,60,221000,481780.0,2.18,0.04,Hetero Unit III Hyderabad IN,No,Weight Captured Separately,Freight Included in Commodity Cost,495.27
85184,114-UG-T30,FPQ-7162,SO-39330,DN-2192,Uganda,PMO - US,From RDC,N/A - From RDC,Truck,2/14/2011,N/A - From RDC,11-May-11,24-May-11,24-May-11,ARV,Adult,SCMS from RDC,"Efavirenz 600mg, tablets, 30 Tabs",Efavirenz,Generic,600mg,Tablet,30,45000,194400.0,4.32,0.14,Mylan (formerly Matrix) Nashik,Yes,5075,23711.16,320.76
9145,139-NA-T01,Pre-PQ Process,SCMS-44710,ASN-3897,Namibia,PMO - US,Direct Drop,EXW,Air,Pre-PQ Process,4/20/2009,5-Jun-09,5-Jun-09,5-Jun-09,HRDT,HIV test,"Trinity Biotech, Plc","HIV 1/2, Uni-Gold HIV Kit, 20 Tests","HIV 1/2, Uni-Gold HIV Kit",Uni-Gold,,Test kit,20,600,19200.0,32.0,1.6,"Trinity Biotech, Plc",Yes,205,6148.29,37.63
85886,151-NG-T30,FPQ-9432,SO-42930,DN-2791,Nigeria,PMO - US,From RDC,N/A - From RDC,Air Charter,3/1/2012,N/A - From RDC,20-Aug-12,14-Aug-12,14-Aug-12,ARV,Adult,SCMS from RDC,"Lamivudine/Zidovudine 150/300mg, tablets, 60 Tabs",Lamivudine/Zidovudine,Generic,150/300mg,Tablet - FDC,60,35120,280960.0,8.0,0.13,"Aurobindo Unit III, India",No,See DN-2791 (ID#:83064),See DN-2791 (ID#:83064),393.91
46673,116-ZA-T30,FPQ-12522,SCMS-199280,ASN-24433,South Africa,PMO - US,Direct Drop,DDP,Truck,7/11/2013,8/13/2013,7-Feb-14,7-Feb-14,7-Feb-14,ARV,Adult,S. BUYS WHOLESALER,"Lamivudine/Zidovudine 150/300mg, tablets, 60 Tabs",Lamivudine/Zidovudine,Generic,150/300mg,Tablet - FDC,60,189,6189.33,32.75,0.55,Hetero Unit III Hyderabad IN,No,Weight Captured Separately,Freight Included in Commodity Cost,7.66
10534,110-ZM-T01,Pre-PQ Process,SO-220,DN-4,Zambia,PMO - US,From RDC,N/A - From RDC,,Pre-PQ Process,N/A - From RDC,2-Feb-07,2-Feb-07,2-Feb-07,ARV,Adult,SCMS from RDC,"Nelfinavir (as mesilate) 250mg [Viracept], tablets, 270 Tabs",Nelfinavir (as mesilate),Viracept,250mg,Tablet,270,228,17948.16,78.72,0.29,Roche Madrid,Yes,60,1218.91,
54827,116-ZA-T30,FPQ-14942,SCMS-259075,ASN-32138,South Africa,PMO - US,Direct Drop,DDP,Truck,9/11/2014,5/11/2015,12-May-15,12-May-15,12-May-15,ARV,Pediatric,PHARMACY DIRECT,"Efavirenz 50mg, capsule, 30 Caps",Efavirenz,Generic,50mg,Capsule,30,3,6.49,2.16,0.07,"Aurobindo Unit III, India",No,Weight Captured Separately,Freight Included in Commodity Cost,0.01
48044,900-SS-T30,FPQ-11623,SCMS-178030,ASN-19143,South Sudan,PMO - US,Direct Drop,EXW,Air,2/8/2013,2/27/2013,16-Aug-13,16-Aug-13,16-Aug-13,HRDT,HIV test,"Orgenics, Ltd","HIV 1/2, Determine Complete HIV Kit, 100 Tests","HIV 1/2, Determine Complete HIV Kit",Determine,,Test kit,100,204,18156.0,89.0,0.89,"Alere Medical Co., Ltd.",No,See ASN-19143 (ID#:26345),See ASN-19143 (ID#:26345),22.46
72639,104-CI-T30,FPQ-5207,SCMS-75361,ASN-7945,Côte d'Ivoire,PMO - US,Direct Drop,EXW,Air,2/25/2010,6/7/2010,27-Aug-10,27-Aug-10,27-Aug-10,HRDT,HIV test,"CHEMBIO DIAGNOSTIC SYSTEMS, INC.","HIV 1/2, Stat-Pak HIV, Kit, 20 Tests","HIV 1/2, Stat-Pak HIV, Kit",Stat-Pak,,Test kit,20,2068,55836.0,27.0,1.35,Chembio Diagnostics Sys. Inc.,Yes,685,5557.27,120.38
83828,101-CD-T30,FPQ-14252,SO-48850,DN-3843,"Congo, DRC",PMO - US,From RDC,N/A - From RDC,Air,5/7/2014,N/A - From RDC,13-Aug-14,24-Sep-14,6-Nov-14,ARV,Pediatric,SCMS from RDC,"Lamivudine/Nevirapine/Zidovudine 30/50/60mg, dispersible tablets, 60 Tabs",Lamivudine/Nevirapine/Zidovudine,Generic,30/50/60mg,Chewable/dispersible tablet - FDC,60,2825,10537.25,3.73,0.06,"Strides, Bangalore, India.",No,See DN-3843 (ID#:82707),See DN-3843 (ID#:82707),10.83
32548,102-CD-T30,FPQ-9645,SCMS-145490,ASN-15869,"Congo, DRC",PMO - US,Direct Drop,EXW,Air,4/24/2012,5/7/2012,17-Dec-12,17-Dec-12,17-Dec-12,HRDT,HIV test,"Orgenics, Ltd","HIV 1/2, DoubleCheck Gold Kit, 20 Tests","HIV 1/2, DoubleCheck Gold Kit",DoubleCheck,,Test kit,20,400,14608.0,36.52,1.83,"Alere Medical Co., Ltd.",Yes,96,1906.7,20.48
16084,116-ZA-T30,FPQ-14942,SCMS-259074,ASN-31070,South Africa,PMO - US,Direct Drop,DDP,Truck,9/11/2014,3/9/2015,9-Mar-15,9-Mar-15,9-Mar-15,ARV,Adult,PHARMACY DIRECT,"Didanosine 250mg, delayed-release capsules, 30 Caps",Didanosine,Generic,250mg,Delayed-release capsules,30,1,11.02,11.02,0.37,"Aurobindo Unit III, India",No,Weight Captured Separately,Freight Included in Commodity Cost,0.01
84563,113-ZW-T30,FPQ-4694,SO-35400,DN-1829,Zimbabwe,PMO - US,From RDC,N/A - From RDC,Truck,12/8/2009,N/A - From RDC,31-May-10,31-May-10,31-May-10,ARV,Adult,SCMS from RDC,"Lamivudine/Nevirapine/Stavudine 150/200/30mg, tablets, 60 Tabs",Lamivudine/Nevirapine/Stavudine,Generic,150/200/30mg,Tablet - FDC,60,112100,655785.0,5.85,0.1,"Cipla, Goa, India",No,See DN-1829 (ID#:82320),See DN-1829 (ID#:82320),1413.87
79271,116-ZA-T30,FPQ-12522,SCMS-199283,ASN-27975,South Africa,PMO - US,Direct Drop,DDP,Truck,7/11/2013,8/27/2014,27-Aug-14,27-Aug-14,27-Aug-14,ARV,Adult,S. BUYS WHOLESALER,"Lamivudine 150mg, tablets, 60 Tabs",Lamivudine,Generic,150mg,Tablet,60,1,9.85,9.85,0.16,Hetero Unit III Hyderabad IN,No,Weight Captured Separately,Freight Included in Commodity Cost,0.01
84425,102-BI-T30,FPQ-14112,SO-48620,DN-4003,Burundi,PMO - US,From RDC,N/A - From RDC,Air,4/18/2014,N/A - From RDC,20-Nov-14,20-Nov-14,24-Nov-14,ARV,Adult,SCMS from RDC,"Efavirenz/Lamivudine/Tenofovir Disoproxil Fumarate 600/300/300mg, tablets, 30 Tabs",Efavirenz/Lamivudine/Tenofovir Disoproxil Fumarate,Generic,600/300/300mg,Tablet - FDC,30,3240,33210.0,10.25,0.34,"Aurobindo Unit VII, IN",Yes,614,4373.84,34.14
83111,104-CI-T30,FPQ-10405,SO-43000,DN-3023,Côte d'Ivoire,PMO - US,From RDC,N/A - From RDC,Truck,7/24/2012,N/A - From RDC,27-Mar-13,28-Feb-13,28-Feb-13,ARV,Pediatric,SCMS from RDC,"Abacavir/Lamivudine 60/30mg, tablets, 60 Tabs",Abacavir/Lamivudine,Generic,60/30mg,Tablet - FDC,60,5024,23110.4,4.6,0.08,"Aurobindo Unit III, India",Yes,2732,10680.14,32.4
85176,109-TZ-T30,FPQ-5436,SO-36610,DN-2102,Tanzania,PMO - US,From RDC,N/A - From RDC,Air,4/1/2010,N/A - From RDC,28-Feb-11,28-Feb-11,28-Feb-11,ARV,Pediatric,SCMS from RDC,"Didanosine 100mg, chewable/dispersible tablets, 60 Tabs",Didanosine,Generic,100mg,Chewable/dispersible tablet,60,2292,17694.24,7.72,0.13,"Aurobindo Unit III, India",Yes,617,1647,38.15
82988,104-CI-T30,FPQ-8295,SO-40810,DN-2418,Côte d'Ivoire,PMO - US,From RDC,N/A - From RDC,Truck,8/25/2011,N/A - From RDC,30-Nov-11,19-Nov-11,19-Nov-11,ARV,Pediatric,SCMS from RDC,"Zidovudine 100mg, capsules, 100 Caps",Zidovudine,Generic,100mg,Capsule,100,2256,10738.56,4.76,0.05,"Aurobindo Unit III, India",Yes,172,3296.34,17.72
20291,116-ZA-T30,FPQ-5535,SCMS-71370,ASN-7373,South Africa,PMO - US,Direct Drop,DDP,Truck,4/19/2010,4/21/2010,31-May-10,31-May-10,31-May-10,ARV,Adult,S. BUYS WHOLESALER,"Emtricitabine/Tenofovir Disoproxil Fumarate 200/300mg [Truvada], tablets, 30 Tabs",Emtricitabine/Tenofovir Disoproxil Fumarate,Truvada,300/200mg,Tablet - FDC,30,540,25796.95,47.77,1.59,"Aspen-OSD, Port Elizabeth, SA",No,Weight Captured Separately,Freight Included in Commodity Cost,55.62
71487,133-NG-T30,FPQ-8117,SCMS-118190,ASN-12879,Nigeria,PMO - US,Direct Drop,EXW,Air,7/28/2011,8/15/2011,19-Dec-11,9-Dec-11,9-Dec-11,HRDT,HIV test,"Orgenics, Ltd","HIV 1/2, Determine Complete HIV Kit, 100 Tests","HIV 1/2, Determine Complete HIV Kit",Determine,,Test kit,100,2419,215291.0,89.0,0.89,"Alere Medical Co., Ltd.",Yes,933,27136.6,355.23
86472,113-ZW-T30,FPQ-8464,SO-40870,DN-2656,Zimbabwe,PMO - US,From RDC,N/A - From RDC,Truck,10/4/2011,N/A - From RDC,12-Jun-12,25-May-12,25-May-12,ARV,Adult,SCMS from RDC,"Lamivudine/Nevirapine/Stavudine 150/200/30mg, tablets, 60 Tabs",Lamivudine/Nevirapine/Stavudine,Generic,150/200/30mg,Tablet - FDC,60,71030,333841.0,4.7,0.08,"Strides, Bangalore, India.",No,See DN-2656 (ID#:83032),See DN-2656 (ID#:83032),550.84
85066,154-NG-T30,FPQ-3815,SO-32260,DN-1452,Nigeria,PMO - US,From RDC,N/A - From RDC,Air Charter,5/26/2009,N/A - From RDC,30-Oct-09,20-Oct-09,20-Oct-09,ARV,Adult,SCMS from RDC,"Lamivudine 150mg, tablets, 60 Tabs",Lamivudine,Generic,150mg,Tablet,60,63,153.72,2.44,0.04,"Aurobindo Unit III, India",No,See DN-1452 (ID#:82272),See DN-1452 (ID#:82272),0.3
86311,104-CI-T30,FPQ-4659,SO-35570,DN-1876,Côte d'Ivoire,PMO - US,From RDC,N/A - From RDC,Air,12/8/2009,N/A - From RDC,9-Jul-10,5-Jul-10,5-Jul-10,ARV,Adult,SCMS from RDC,"Abacavir/Lamivudine 600/300mg, scored tablets, 30 Tabs",Abacavir/Lamivudine,Generic,600/300mg,Tablet - FDC,30,1200,27600.0,23.0,0.77,Mylan (formerly Matrix) Nashik,Yes,108,5121.68,59.51
12431,111-MZ-T01,Pre-PQ Process,SO-1039,DN-603,Mozambique,PMO - US,From RDC,N/A - From RDC,Air,Pre-PQ Process,N/A - From RDC,8-Apr-08,8-Apr-08,8-Apr-08,ARV,Adult,SCMS from RDC,"Lamivudine/Zidovudine 150/300mg, tablets, 60 Tabs",Lamivudine/Zidovudine,Generic,150/300mg,Tablet - FDC,60,7128,67716.0,9.5,0.16,"Cipla, Goa, India",No,See DN-603 (ID#:11197),See DN-603 (ID#:11197),108.35
12237,117-ET-T01,Pre-PQ Process,SO-21990,DN-1051,Ethiopia,PMO - US,From RDC,N/A - From RDC,Air,Pre-PQ Process,N/A - From RDC,3-Feb-09,3-Feb-09,3-Feb-09,ARV,Adult,SCMS from RDC,"Lamivudine/Nevirapine/Stavudine 150/200/30mg, tablets, 60 Tabs",Lamivudine/Nevirapine/Stavudine,Generic,150/200/30mg,Tablet - FDC,60,22918,163176.16,7.12,0.12,"Strides, Bangalore, India.",Yes,1689,9189.57,319.83
9086,110-ZM-T01,Pre-PQ Process,SCMS-42640,ASN-4439,Zambia,PMO - US,Direct Drop,EXW,Air,Pre-PQ Process,4/2/2009,23-Jul-09,23-Jul-09,23-Jul-09,HRDT,HIV test,"Orgenics, Ltd","HIV 1/2, Determine Complete HIV Kit, 100 Tests","HIV 1/2, Determine Complete HIV Kit",Determine,,Test kit,100,4500,324000.0,72.0,0.72,Inverness Japan,Yes,1330,11559.65,635.04
75810,104-CI-T30,FPQ-9263,SCMS-139100,ASN-14678,Côte d'Ivoire,PMO - US,Direct Drop,EXW,Air,2/1/2012,3/8/2012,22-May-12,22-May-12,22-May-12,ARV,Adult,MYLAN LABORATORIES LTD (FORMERLY MATRIX LABORATORIES),"Atazanavir/Ritonavir 300/100mg, tablets, 30 Tabs",Atazanavir/Ritonavir,Generic,300/100mg,Tablet,30,1800,45000.0,25.0,0.83,Mylan (formerly Matrix) Nashik,Yes,225,3109.21,63.09
68281,116-ZA-T30,FPQ-14942,SCMS-259075,ASN-32122,South Africa,PMO - US,Direct Drop,DDP,Truck,9/11/2014,5/11/2015,12-May-15,12-May-15,12-May-15,ARV,Adult,PHARMACY DIRECT,"Didanosine 250mg, delayed-release capsules, 30 Caps",Didanosine,Generic,250mg,Delayed-release capsules,30,5,55.08,11.02,0.37,"Aurobindo Unit III, India",No,Weight Captured Separately,Freight Included in Commodity Cost,0.06
83917,107-RW-T30,FPQ-14811,SO-49942,DN-4297,Rwanda,PMO - US,From RDC,N/A - From RDC,Truck,10/15/2014,N/A - From RDC,30-Jun-15,29-Jun-15,30-Jun-15,ARV,Pediatric,SCMS from RDC,"Abacavir/Lamivudine 60/30mg, dispersible tablets, 60 Tabs",Abacavir/Lamivudine,Generic,60/30mg,Chewable/dispersible tablet - FDC,60,11584,58962.56,5.09,0.08,"Cipla, Patalganga, India",Yes,1043,8819.61,60.61
83380,104-CI-T30,FPQ-4378,SO-34371,DN-1544,Côte d'Ivoire,PMO - US,From RDC,N/A - From RDC,Air,10/15/2009,N/A - From RDC,4-Dec-09,2-Dec-09,2-Dec-09,ARV,Adult,SCMS from RDC,"Tenofovir Disoproxil Fumarate 300mg, tablets, 30 Tabs",Tenofovir Disoproxil Fumarate,Generic,300mg,Tablet,30,950,8103.5,8.53,0.28,Mylan (formerly Matrix) Nashik,Yes,54,1211.49,15.88
12196,111-MZ-T01,Pre-PQ Process,SO-2423,DN-810,Mozambique,PMO - US,From RDC,N/A - From RDC,Truck,Pre-PQ Process,N/A - From RDC,7-Aug-08,7-Aug-08,7-Aug-08,ARV,Adult,SCMS from RDC,"Zidovudine 300mg, tablets, 60 Tabs",Zidovudine,Generic,300mg,Tablet,60,7110,57946.5,8.15,0.14,"Aurobindo Unit III, India",No,See DN-810 (ID#:11257),See DN-810 (ID#:11257),92.71
3718,106-HT-T01,Pre-PQ Process,SCMS-40000,ASN-3675,Haiti,PMO - US,Direct Drop,CIP,Air,Pre-PQ Process,3/6/2009,31-Mar-09,31-Mar-09,31-Mar-09,ARV,Pediatric,BRISTOL-MYERS SQUIBB,"Didanosine 25mg [Videx], chewable tablets, 60 Tabs",Didanosine,Videx,25mg,Chewable/dispersible tablet,60,80,560.0,7.0,0.12,"BMS Meymac, France",No,See ASN-3675 (ID#:1046),See ASN-3675 (ID#:1046),1.1
11938,106-HT-T01,Pre-PQ Process,SO-23790,DN-1109,Haiti,PMO - US,From RDC,N/A - From RDC,Air,Pre-PQ Process,N/A - From RDC,10-Mar-09,10-Mar-09,10-Mar-09,ARV,Adult,SCMS from RDC,"Abacavir 300mg, tablets, 60 Tabs",Abacavir,Generic,300mg,Tablet,60,450,11452.5,25.45,0.42,Mylan (formerly Matrix) Nashik,Yes,47,1432.88,22.45
86281,151-NG-T30,FPQ-4537,SO-35131,DN-1736,Nigeria,PMO - US,From RDC,N/A - From RDC,Air Charter,11/6/2009,N/A - From RDC,31-May-10,31-Mar-10,31-Mar-10,ARV,Adult,SCMS from RDC,"Stavudine 20mg, capsules, 60 Caps",Stavudine,Generic,20mg,Capsule,60,61,87.23,1.43,0.02,"Aurobindo Unit III, India",Yes,4,Freight Included in Commodity Cost,0.19
84479,104-CI-T30,FPQ-15259,SO-50102,DN-4313,Côte d'Ivoire,PMO - US,From RDC,N/A - From RDC,Truck,10/24/2014,N/A - From RDC,31-Jul-15,6-Aug-15,7-Aug-15,ARV,Adult,SCMS from RDC,"Lamivudine/Zidovudine 150/300mg, tablets, 60 Tabs",Lamivudine/Zidovudine,Generic,150/300mg,Tablet - FDC,60,18928,123410.56,6.52,0.11,"Aurobindo Unit III, India",No,See DN-4313 (ID#:83921),See DN-4313 (ID#:83921),145.25
86568,111-MZ-T30,FPQ-11033,SO-43790,DN-3102,Mozambique,PMO - US,From RDC,N/A - From RDC,Truck,11/12/2012,N/A - From RDC,1-Aug-13,1-Aug-13,1-Aug-13,ARV,Adult,SCMS from RDC,"Lamivudine/Nevirapine/Zidovudine 150/200/300mg, tablets, 60 Tabs",Lamivudine/Nevirapine/Zidovudine,Generic,150/300/200mg,Tablet - FDC,60,108700,932646.0,8.58,0.14,Mylan (formerly Matrix) Nashik,No,See DN-3102 (ID#:82573),See DN-3102 (ID#:82573),1153.68
84201,110-ZM-T30,FPQ-9773,SO-41990,DN-2919,Zambia,PMO - US,From RDC,N/A - From RDC,Truck,4/27/2012,N/A - From RDC,17-Dec-12,17-Dec-12,17-Dec-12,ARV,Adult,SCMS from RDC,"Nevirapine 200mg, tablets, 60 Tabs",Nevirapine,Generic,200mg,Tablet,60,43676,105695.92,2.42,0.04,"Aurobindo Unit III, India",Yes,12561,25636.2,148.19
17900,901-NA-T30,FPQ-14689,SCMS-253440,ASN-29097,Namibia,PMO - US,Direct Drop,EXW,Air,7/30/2014,8/29/2014,19-Nov-14,19-Nov-14,19-Nov-14,ARV,Adult,HETERO LABS LIMITED,"Lamivudine/Zidovudine 150/300mg, tablets, 60 Tabs",Lamivudine/Zidovudine,Generic,150/300mg,Tablet - FDC,60,26663,176242.43,6.61,0.11,"Hetero, Jadcherla, unit 5, IN",Yes,4233,26663.64,181.18
86052,101-CD-T30,FPQ-13554,SO-47630,DN-3561,"Congo, DRC",PMO - US,From RDC,N/A - From RDC,Air,1/15/2014,N/A - From RDC,30-May-14,19-May-14,26-Jun-14,ARV,Adult,SCMS from RDC,"Efavirenz/Lamivudine/Tenofovir Disoproxil Fumarate 600/300/300mg, tablets, 30 Tabs",Efavirenz/Lamivudine/Tenofovir Disoproxil Fumarate,Generic,600/300/300mg,Tablet - FDC,30,4290,46632.3,10.87,0.36,Hetero Unit III Hyderabad IN,No,See DN-3561 (ID#:82654),See DN-3561 (ID#:82654),47.94
33218,106-HT-T30,FPQ-14083,SCMS-240190,ASN-26906,Haiti,PMO - US,Direct Drop,EXW,Ocean,5/11/2014,6/2/2014,20-Oct-14,20-Oct-14,24-Oct-14,ARV,Pediatric,Aurobindo Pharma Limited,"Nevirapine 10mg/ml, oral suspension, Bottle, 240 ml",Nevirapine,Generic,10mg/ml,Oral suspension,240,3300,4983.0,1.51,0.01,"Aurobindo Unit III, India",Yes,Weight Captured Separately,Invoiced Separately,5.12
86318,151-NG-T30,FPQ-5023,SO-36434,DN-1885,Nigeria,PMO - US,From RDC,N/A - From RDC,Air,2/10/2010,N/A - From RDC,31-Aug-10,17-Aug-10,17-Aug-10,ARV,Adult,SCMS from RDC,"Lamivudine/Nevirapine/Zidovudine 150/200/300mg, tablets, 60 Tabs",Lamivudine/Nevirapine/Zidovudine,Generic,150/300/200mg,Tablet - FDC,60,5000,56100.0,11.22,0.19,"Aurobindo Unit III, India",Yes,608,6147.18,120.95
65609,111-MZ-T30,FPQ-10606,SCMS-162160,ASN-17088,Mozambique,PMO - US,Direct Drop,EXW,Air,9/12/2012,10/10/2012,25-Dec-12,25-Dec-12,25-Dec-12,HRDT,HIV test - Ancillary,"Orgenics, Ltd","Chase Buffer, Determine, 100 Tests, 2.5ml x 1 Vial","Chase Buffer, Determine, 100 Tests, 2.5ml x 1 Vial",Determine,,Test kit - Ancillary,1,81,405.0,5.0,5.0,"Alere Medical Co., Ltd.",No,See ASN-17088 (ID#:18269),See ASN-17088 (ID#:18269),0.57
83788,106-HT-T30,FPQ-13608,SO-47680,DN-3683,Haiti,PMO - US,From RDC,N/A - From RDC,Air,1/22/2014,N/A - From RDC,15-May-14,12-May-14,24-Jun-14,ARV,Adult,SCMS from RDC,"Lamivudine/Zidovudine 150/300mg, tablets, 60 Tabs",Lamivudine/Zidovudine,Generic,150/300mg,Tablet - FDC,60,4000,26400.0,6.6,0.11,Mylan (formerly Matrix) Nashik,Yes,305,3282.33,27.14
67806,107-RW-T30,FPQ-8742,SCMS-137410,ASN-15442,Rwanda,PMO - US,Direct Drop,EXW,Air,12/7/2011,5/18/2012,20-Jul-12,20-Jul-12,20-Jul-12,ARV,Adult,HETERO LABS LIMITED,"Efavirenz 600mg, tablets, 30 Tabs",Efavirenz,Generic,600mg,Tablet,30,3007,10734.99,3.57,0.12,Hetero Unit III Hyderabad IN,Yes,262,3840.85,15.05
86429,151-NG-T30,FPQ-8364,SO-40654,DN-2462,Nigeria,PMO - US,From RDC,N/A - From RDC,Air Charter,8/29/2011,N/A - From RDC,2-Mar-12,18-Dec-11,18-Dec-11,ARV,Adult,SCMS from RDC,"Nevirapine 200mg, tablets, 60 Tabs",Nevirapine,Generic,200mg,Tablet,60,85722,221162.76,2.58,0.04,"Strides, Bangalore, India.",No,See DN-2462 (ID#:82425),See DN-2462 (ID#:82425),364.92
10969,112-NG-T01,Pre-PQ Process,SO-2350,DN-718,Nigeria,PMO - US,From RDC,N/A - From RDC,Air,Pre-PQ Process,N/A - From RDC,21-Apr-08,21-Apr-08,21-Apr-08,ARV,Pediatric,SCMS from RDC,"Stavudine 1mg/ml, powder for oral solution, 200 ml",Stavudine,Generic,1mg/ml,Oral solution,200,16,22.4,1.4,0.01,"Aurobindo Unit III, India",No,See DN-718 (ID#:10968),See DN-718 (ID#:10968),0.04
5895,108-VN-T01,Pre-PQ Process,SCMS-26370,ASN-2337,Vietnam,PMO - US,Direct Drop,EXW,Air,Pre-PQ Process,7/1/2008,19-Sep-08,19-Sep-08,19-Sep-08,ARV,Adult,MYLAN LABORATORIES LTD (FORMERLY MATRIX LABORATORIES),"Tenofovir Disoproxil Fumarate 300mg, tablets, 30 Tabs",Tenofovir Disoproxil Fumarate,Generic,300mg,Tablet,30,5040,62294.4,12.36,0.41,Mylan (formerly Matrix) Nashik,Yes,301,4883.46,99.67
85658,106-HT-T30,FPQ-5152,SO-35950,DN-1669,Haiti,PMO - US,From RDC,N/A - From RDC,Air,2/12/2010,N/A - From RDC,2-Mar-10,3-Mar-10,3-Mar-10,ARV,Adult,SCMS from RDC,"Indinavir 400mg [Crixivan], capsules, 180 Caps",Indinavir,Crixivan,400mg,Capsule,180,450,22500.0,50.0,0.28,"MSD, Haarlem, NL",Yes,101,6036.98,48.51
39014,133-NG-T30,FPQ-7088,SCMS-100510,ASN-10729,Nigeria,PMO - US,Direct Drop,EXW,Air,2/4/2011,3/2/2011,25-May-11,25-May-11,25-May-11,HRDT,HIV test,"CHEMBIO DIAGNOSTIC SYSTEMS, INC.","HIV 1/2, Stat-Pak HIV, Kit, 20 Tests","HIV 1/2, Stat-Pak HIV, Kit",Stat-Pak,,Test kit,20,1052,30508.0,29.0,1.45,Chembio Diagnostics Sys. Inc.,Yes,334,2335.9,50.34
43085,800-LS-T30,FPQ-13954,SCMS-233590,ASN-25504,Lesotho,PMO - US,Direct Drop,EXW,Air,3/24/2014,4/3/2014,25-Apr-14,25-Apr-14,5-May-14,HRDT,HIV test,"Orgenics, Ltd","HIV 1/2, Determine Complete HIV Kit, 100 Tests","HIV 1/2, Determine Complete HIV Kit",Determine,,Test kit,100,2104,168320.0,80.0,0.8,"Alere Medical Co., Ltd.",Yes,856,11063.78,173.03
83597,104-CI-T30,FPQ-8790,SO-41182,DN-2716,Côte d'Ivoire,PMO - US,From RDC,N/A - From RDC,Air,11/11/2011,N/A - From RDC,16-Jul-12,3-Jul-12,3-Jul-12,ARV,Adult,SCMS from RDC,"Abacavir/Lamivudine/Zidovudine 300/150/300mg, tablets, 60 Tabs",Abacavir/Lamivudine/Zidovudine,Generic,300/150/300mg,Tablet - FDC,60,1200,36000.0,30.0,0.5,Mylan (formerly Matrix) Nashik,Yes,464,2394.27,50.47
83147,151-NG-T30,FPQ-11864,SO-44923,DN-3243,Nigeria,PMO - US,From RDC,N/A - From RDC,Air Charter,3/14/2013,N/A - From RDC,4-Sep-13,23-Jul-13,23-Jul-13,ARV,Pediatric,SCMS from RDC,"Abacavir/Lamivudine 60/30mg, tablets, 60 Tabs",Abacavir/Lamivudine,Generic,60/30mg,Tablet - FDC,60,9377,37508.0,4.0,0.07,Mylan (formerly Matrix) Nashik,Yes,485,Freight Included in Commodity Cost,46.4
86683,114-UG-T30,FPQ-13107,SO-46850,DN-3713,Uganda,PMO - US,From RDC,N/A - From RDC,Truck,10/16/2013,N/A - From RDC,30-May-14,28-May-14,11-Jun-14,ARV,Adult,SCMS from RDC,"Lamivudine/Nevirapine/Zidovudine 150/200/300mg, tablets, 60 Tabs",Lamivudine/Nevirapine/Zidovudine,Generic,150/300/200mg,Tablet - FDC,60,45950,372654.5,8.11,0.14,Hetero Unit III Hyderabad IN,Yes,6061,6901.96,383.09
27634,107-RW-T30,FPQ-13851,SCMS-239020,ASN-27336,Rwanda,PMO - US,Direct Drop,EXW,Air,3/10/2014,5/16/2014,22-Aug-14,22-Aug-14,26-Aug-14,ARV,Adult,MYLAN LABORATORIES LTD (FORMERLY MATRIX LABORATORIES),"Atazanavir/Ritonavir 300/100mg, tablets, 30 Tabs",Atazanavir/Ritonavir,Generic,300/100mg,Tablet,30,3000,60000.0,20.0,0.67,Mylan (formerly Matrix) Nashik,Yes,405,3484.48,61.68
12355,110-ZM-T01,Pre-PQ Process,SO-637,DN-177,Zambia,PMO - US,From RDC,N/A - From RDC,Air,Pre-PQ Process,N/A - From RDC,15-Jun-07,15-Jun-07,15-Jun-07,ARV,Pediatric,SCMS from RDC,"Abacavir 20mg/ml, oral solution, Bottle, 240 ml",Abacavir,Generic,20mg/ml,Oral solution,240,192,4128.0,21.5,0.09,"Aurobindo Unit III, India",Yes,70,650.12,
83515,114-UG-T30,FPQ-7162,SO-39970,DN-2287,Uganda,PMO - US,From RDC,N/A - From RDC,Truck,2/14/2011,N/A - From RDC,30-Jun-11,14-Jul-11,14-Jul-11,ARV,Adult,SCMS from RDC,"Lamivudine/Tenofovir Disoproxil Fumarate 300/300mg, tablets, 30 Tabs",Lamivudine/Tenofovir Disoproxil Fumarate,Generic,300/300mg,Tablet - FDC,30,30000,264600.0,8.82,0.29,Mylan (formerly Matrix) Nashik,Yes,2641,19673.48,436.59
12375,110-ZM-T01,Pre-PQ Process,SO-621,DN-224,Zambia,PMO - US,From RDC,N/A - From RDC,,Pre-PQ Process,N/A - From RDC,9-Jul-07,9-Jul-07,9-Jul-07,ARV,Pediatric,SCMS from RDC,"Abacavir 20mg/ml, oral solution, Bottle, 240 ml",Abacavir,Generic,20mg/ml,Oral solution,240,350,7525.0,21.5,0.09,"Aurobindo Unit III, India",Yes,124,874.57,12.04
86300,151-NG-T30,FPQ-4537,SO-35023,DN-1806,Nigeria,PMO - US,From RDC,N/A - From RDC,Air Charter,11/6/2009,N/A - From RDC,31-May-10,18-May-10,18-May-10,ARV,Adult,SCMS from RDC,"Efavirenz/Emtricitabine/Tenofovir Disoproxil Fumarate 600/200/300mg, tablets, 30 Tabs",Efavirenz/Emtricitabine/Tenofovir Disoproxil Fumarate,Generic,600/200/300mg,Tablet - FDC,30,3000,59760.0,19.92,0.66,Mylan (formerly Matrix) Nashik,Yes,329,9736.1,128.84
12015,117-ET-T01,Pre-PQ Process,SO-33630,DN-1471,Ethiopia,PMO - US,From RDC,N/A - From RDC,Air,Date Not Captured,N/A - From RDC,6-Oct-09,6-Oct-09,6-Oct-09,ARV,Adult,SCMS from RDC,"Lamivudine 150mg, tablets, 60 Tabs",Lamivudine,Generic,150mg,Tablet,60,4500,10980.0,2.44,0.04,Mylan (formerly Matrix) Nashik,Yes,658,4311.22,21.52
86241,112-NG-T30,FPQ-4040,SO-32980,DN-1456,Nigeria,PMO - US,From RDC,N/A - From RDC,Air Charter,7/29/2009,N/A - From RDC,15-Oct-09,20-Oct-09,20-Oct-09,ARV,Adult,SCMS from RDC,"Efavirenz 600mg, tablets, 30 Tabs",Efavirenz,Generic,600mg,Tablet,30,2200,13684.0,6.22,0.21,"Aurobindo Unit III, India",No,See DN-1456 (ID#:83952),See DN-1456 (ID#:83952),26.82
5917,130-NG-T01,Pre-PQ Process,SCMS-26840,ASN-2554,Nigeria,PMO - US,Direct Drop,EXW,Air,Pre-PQ Process,7/15/2008,9-Oct-08,9-Oct-08,9-Oct-08,ANTM,Malaria,IDA FOUNDATION,"Sulfadoxine/Pyrimethamine 500/25mg, tablets, 1000 Tabs",Sulfadoxine/Pyrimethamine,Generic,500/25mg,Tablet - FDC,1000,7,184.45,26.35,0.03,"Micro Labs Ltd. (Brown & Burk), India",Yes,488,4404.9,0.3
85817,101-CD-T30,FPQ-8840,SO-41135,DN-2497,"Congo, DRC",PMO - US,From RDC,N/A - From RDC,Air,11/21/2011,N/A - From RDC,16-Mar-12,14-Feb-12,14-Feb-12,ARV,Adult,SCMS from RDC,"Lamivudine/Zidovudine 150/300mg, tablets, 60 Tabs",Lamivudine/Zidovudine,Generic,150/300mg,Tablet - FDC,60,41,338.66,8.26,0.14,"Aurobindo Unit III, India",No,See DN-2497 (ID#:82435),See DN-2497 (ID#:82435),0.47
11383,110-ZM-T01,Pre-PQ Process,SO-206,DN-69,Zambia,PMO - US,From RDC,N/A - From RDC,,Pre-PQ Process,N/A - From RDC,20-Apr-07,20-Apr-07,20-Apr-07,ARV,Adult,SCMS from RDC,"Abacavir 300mg, tablets, 60 Tabs",Abacavir,Generic,300mg,Tablet,60,5000,177500.0,35.5,0.59,"Aurobindo Unit III, India",Yes,239,1684.15,
70526,108-VN-T30,FPQ-13524,SCMS-226260,ASN-26927,Vietnam,PMO - US,Direct Drop,EXW,Air,2/6/2014,3/10/2014,13-Aug-14,13-Aug-14,25-Aug-14,ARV,Adult,HETERO LABS LIMITED,"Abacavir 300mg, tablets, 60 Tabs",Abacavir,Generic,300mg,Tablet,60,950,10877.5,11.45,0.19,Hetero Unit III Hyderabad IN,No,See ASN-26927 (ID#:26612),See ASN-26927 (ID#:26612),11.18
84831,113-ZW-T30,FPQ-11545,SO-44340,DN-3231,Zimbabwe,PMO - US,From RDC,N/A - From RDC,Truck,1/24/2013,N/A - From RDC,31-Jul-13,6-Aug-13,6-Aug-13,ARV,Adult,SCMS from RDC,"Nevirapine 200mg, tablets, 60 Tabs",Nevirapine,Generic,200mg,Tablet,60,23090,52183.4,2.26,0.04,"Strides, Bangalore, India.",Yes,394,11133.66,64.55
83454,114-UG-T30,FPQ-5275,SO-36230,DN-1987,Uganda,PMO - US,From RDC,N/A - From RDC,Air,3/4/2010,N/A - From RDC,3-Sep-10,27-Aug-10,27-Aug-10,ARV,Adult,SCMS from RDC,"Emtricitabine/Tenofovir Disoproxil Fumarate 200/300mg, tablets, 30 Tabs",Emtricitabine/Tenofovir Disoproxil Fumarate,Generic,200/300mg,Tablet - FDC,30,650,7637.5,11.75,0.39,Mylan (formerly Matrix) Nashik,Yes,61,536.02,16.47
11195,110-ZM-T01,Pre-PQ Process,SO-1317,DN-605,Zambia,PMO - US,From RDC,N/A - From RDC,Truck,Pre-PQ Process,N/A - From RDC,21-Feb-08,21-Feb-08,21-Feb-08,ARV,Adult,SCMS from RDC,"Nevirapine 200mg, tablets, 60 Tabs",Nevirapine,Generic,200mg,Tablet,60,9943,33806.2,3.4,0.06,"Aurobindo Unit III, India",No,See DN-605 (ID#:10636),See DN-605 (ID#:10636),54.09
12820,106-HT-T01,Pre-PQ Process,SO-12140,DN-860,Haiti,PMO - US,From RDC,N/A - From RDC,Air,Pre-PQ Process,N/A - From RDC,11-Aug-08,11-Aug-08,11-Aug-08,ARV,Pediatric,SCMS from RDC,"Stavudine 1mg/ml, powder for oral solution, 200 ml",Stavudine,Generic,1mg/ml,Oral solution,200,1500,2100.0,1.4,0.01,"Aurobindo Unit III, India",Yes,235,3022.74,3.36
27781,116-ZA-T30,FPQ-14942,SCMS-259072,ASN-30377,South Africa,PMO - US,Direct Drop,DDP,Truck,9/11/2014,1/26/2015,26-Jan-15,26-Jan-15,26-Jan-15,ARV,Adult,PHARMACY DIRECT,"Abacavir 300mg, tablets, 60 Tabs",Abacavir,Generic,300mg,Tablet,60,53,2642.19,49.85,0.83,"Aurobindo Unit III, India",No,Weight Captured Separately,Freight Included in Commodity Cost,2.72
11815,104-CI-T01,Pre-PQ Process,SO-1277,DN-439,Côte d'Ivoire,PMO - US,From RDC,N/A - From RDC,Air,Pre-PQ Process,N/A - From RDC,16-Nov-07,16-Nov-07,16-Nov-07,HRDT,HIV test,SCMS from RDC,"HIV 2, New LAV Blot 2 HIV Kit, 18 Tests","HIV 2, New LAV Blot 2 HIV Kit",LAV,,Test kit,18,12,3698.04,308.17,17.12,Bio-Rad Laboratories,Yes,39,1278,5.92
85756,111-MZ-T30,FPQ-7053,SO-38650,DN-2184,Mozambique,PMO - US,From RDC,N/A - From RDC,Truck,1/24/2011,N/A - From RDC,11-May-11,25-May-11,25-May-11,ARV,Adult,SCMS from RDC,"Lamivudine/Zidovudine 150/300mg, tablets, 60 Tabs",Lamivudine/Zidovudine,Generic,150/300mg,Tablet - FDC,60,45000,384750.0,8.55,0.14,"Aurobindo Unit III, India",Yes,4171,3936.85,634.84
57339,161-ZA-T30,FPQ-7175,SCMS-103680,ASN-13226,South Africa,PMO - US,Direct Drop,DDP,Ocean,3/10/2011,3/23/2011,1-Dec-11,9-Jan-12,9-Jan-12,ARV,Adult,EMCURE PHARMACEUTICALS LTD,"Efavirenz 600mg, tablets, 30 Tabs",Efavirenz,Generic,600mg,Tablet,30,105813,454995.9,4.3,0.14,"Emcure Plot No.P-2, I.T-B.T. Park, Phase II, MIDC, Hinjwadi, Pune, India",Yes,8351,7292.26,750.74
84833,104-CI-T30,FPQ-11254,SO-44150,DN-3248,Côte d'Ivoire,PMO - US,From RDC,N/A - From RDC,Truck,12/14/2012,N/A - From RDC,31-Oct-13,21-Aug-13,21-Aug-13,ARV,Adult,SCMS from RDC,"Tenofovir Disoproxil Fumarate 300mg, tablets, 30 Tabs",Tenofovir Disoproxil Fumarate,Generic,300mg,Tablet,30,1644,6641.76,4.04,0.13,Mylan (formerly Matrix) Nashik,Yes,97,1620.19,8.22
3026,116-ZA-T01,Pre-PQ Process,SCMS-17630,ASN-1532,South Africa,PMO - US,Direct Drop,DDP,Truck,Pre-PQ Process,1/21/2008,5-Feb-08,21-Jan-08,21-Jan-08,ARV,Adult,"JSI R&T INSTITUTE, INC.","Didanosine EC 250mg [Videx EC], delayed-release capsules, Blister 3 x 10 Caps",Didanosine EC,Videx EC,250mg,Delayed-release capsules - blister,30,400,8416.0,21.04,0.7,"BMS Meymac, France",Yes,Weight Captured Separately,Freight Included in Commodity Cost,13.47
78290,104-CI-T30,FPQ-9823,SCMS-147570,ASN-16723,Côte d'Ivoire,PMO - US,Direct Drop,EXW,Air,5/4/2012,6/13/2012,30-Oct-12,30-Oct-12,30-Oct-12,HRDT,HIV test,"Orgenics, Ltd","HIV 1/2, Determine Complete HIV Kit, 100 Tests","HIV 1/2, Determine Complete HIV Kit",Determine,,Test kit,100,3100,248000.0,80.0,0.8,"Alere Medical Co., Ltd.",Yes,1473,29742.64,347.7
62968,108-VN-T30,FPQ-3896,SCMS-48260,ASN-5132,Vietnam,PMO - US,Direct Drop,EXW,Air,6/25/2009,6/26/2009,23-Oct-09,23-Oct-09,23-Oct-09,ARV,Adult,Aurobindo Pharma Limited,"Lamivudine 150mg, tablets, 60 Tabs",Lamivudine,Generic,150mg,Tablet,60,2520,6048.0,2.4,0.04,"Aurobindo Unit III, India",No,See ASN-5132 (ID#:22186),See ASN-5132 (ID#:22186),11.85
84213,107-RW-T30,FPQ-9969,SO-42431,DN-2976,Rwanda,PMO - US,From RDC,N/A - From RDC,Air,5/25/2012,N/A - From RDC,7-Feb-13,7-Feb-13,7-Feb-13,ARV,Adult,SCMS from RDC,"Efavirenz/Lamivudine/Tenofovir Disoproxil Fumarate 600/300/300mg, tablets, 30 Tabs",Efavirenz/Lamivudine/Tenofovir Disoproxil Fumarate,Generic,600/300/300mg,Tablet - FDC,30,112007,1356404.77,12.11,0.4,Mylan (formerly Matrix) Nashik,Yes,12757,20994.85,1901.68
69898,105-SS-T30,FPQ-15569,SCMS-272160,ASN-31335,South Sudan,PMO - US,Direct Drop,EXW,Air,12/29/2014,2/20/2015,3-Jun-15,3-Jun-15,5-Jun-15,HRDT,HIV test,"Orgenics, Ltd","HIV 1/2, Determine Complete HIV Kit, 100 Tests","HIV 1/2, Determine Complete HIV Kit",Determine,,Test kit,100,30,2670.0,89.0,0.89,"Alere Medical Co., Ltd.",No,See ASN-31335 (ID#:42778),See ASN-31335 (ID#:42778),3.14
64904,133-NG-T30,FPQ-10765,SCMS-162440,ASN-17528,Nigeria,PMO - US,Direct Drop,EXW,Air,10/5/2012,10/16/2012,9-Jan-13,9-Jan-13,9-Jan-13,HRDT,HIV test,"Orgenics, Ltd","HIV 1/2, Determine Complete HIV Kit, 100 Tests","HIV 1/2, Determine Complete HIV Kit",Determine,,Test kit,100,2744,244216.0,89.0,0.89,"Alere Medical Co., Ltd.",Yes,1186,24927.19,342.39
11878,110-ZM-T01,Pre-PQ Process,SO-1806,DN-625,Zambia,PMO - US,From RDC,N/A - From RDC,,Pre-PQ Process,N/A - From RDC,28-Mar-08,28-Mar-08,28-Mar-08,ARV,Adult,SCMS from RDC,"Lamivudine/Zidovudine 150/300mg, tablets, 60 Tabs",Lamivudine/Zidovudine,Generic,150/300mg,Tablet - FDC,60,50000,472500.0,9.45,0.16,"Aurobindo Unit III, India",No,See DN-625 (ID#:10956),See DN-625 (ID#:10956),756.0
83965,106-HT-T30,FPQ-4469,SO-34190,DN-1531,Haiti,PMO - US,From RDC,N/A - From RDC,Air,9/23/2009,N/A - From RDC,2-Dec-09,30-Nov-09,30-Nov-09,ARV,Adult,SCMS from RDC,"Zidovudine 300mg, tablets, 60 Tabs",Zidovudine,Generic,300mg,Tablet,60,990,7454.7,7.53,0.13,"Aurobindo Unit III, India",Yes,109,10331.78,16.07
11689,114-UG-T01,Pre-PQ Process,SO-33000,DN-1468,Uganda,PMO - US,From RDC,N/A - From RDC,Air,Date Not Captured,N/A - From RDC,12-Oct-09,12-Oct-09,12-Oct-09,ARV,Adult,SCMS from RDC,"Lamivudine/Nevirapine/Zidovudine 150/200/300mg, tablets, 60 Tabs",Lamivudine/Nevirapine/Zidovudine,Generic,150/300/200mg,Tablet - FDC,60,350,3972.5,11.35,0.19,"Aurobindo Unit III, India",Yes,45,749.25,7.79
79500,101-CD-T30,FPQ-16001,SCMS-280210,ASN-31750,"Congo, DRC",PMO - US,Direct Drop,EXW,Air,3/10/2015,3/16/2015,2-Jul-15,2-Jul-15,30-Jul-15,HRDT,HIV test,"Trinity Biotech, Plc","HIV 1/2, Uni-Gold HIV Kit, 20 Tests","HIV 1/2, Uni-Gold HIV Kit",Uni-Gold,,Test kit,20,353,11296.0,32.0,1.6,"Trinity Biotech, Plc",No,See ASN-31750 (ID#:19272),See ASN-31750 (ID#:19272),13.3
4100,104-CI-T01,Pre-PQ Process,SCMS-12370,ASN-823,Côte d'Ivoire,PMO - US,Direct Drop,EXW,Air,Pre-PQ Process,9/18/2007,25-Oct-07,25-Oct-07,25-Oct-07,HRDT,HIV test,"CHEMBIO DIAGNOSTIC SYSTEMS, INC.","HIV 1/2, Stat-Pak HIV, Kit, 20 Tests","HIV 1/2, Stat-Pak HIV, Kit",Stat-Pak,,Test kit,20,250,6750.0,27.0,1.35,Chembio Diagnostics Sys. Inc.,Yes,68,1711.86,10.8
86544,114-UG-T30,FPQ-10780,SO-43491,DN-3000,Uganda,PMO - US,From RDC,N/A - From RDC,Air,10/10/2012,N/A - From RDC,11-Feb-13,7-Mar-13,7-Mar-13,ARV,Adult,SCMS from RDC,"Lamivudine/Tenofovir Disoproxil Fumarate 300/300mg, tablets, 30 Tabs",Lamivudine/Tenofovir Disoproxil Fumarate,Generic,300/300mg,Tablet - FDC,30,13620,65512.2,4.81,0.16,Hetero Unit III Hyderabad IN,No,See DN-3000 (ID#:82542),See DN-3000 (ID#:82542),91.85
6402,116-ZA-T01,Pre-PQ Process,SCMS-41160,ASN-3760,South Africa,PMO - US,Direct Drop,DDP,Air,Pre-PQ Process,Date Not Captured,1-Apr-09,26-Nov-08,26-Nov-08,ARV,Pediatric,S. BUYS WHOLESALER,"Lamivudine 10mg/ml [Epivir], oral solution, Bottle, 240 ml",Lamivudine,Epivir,10mg/ml,Oral solution,240,156,845.52,5.42,0.02,GSK Mississauga (Canada),No,See ASN-3760 (ID#:5049),See ASN-3760 (ID#:5049),1.66
83879,151-NG-T30,FPQ-14766,SO-49681,DN-4099,Nigeria,PMO - US,From RDC,N/A - From RDC,Air Charter,8/13/2014,N/A - From RDC,28-Feb-15,14-Jan-15,20-Jan-15,ARV,Adult,SCMS from RDC,"Efavirenz/Lamivudine/Tenofovir Disoproxil Fumarate 600/300/300mg, tablets, 30 Tabs",Efavirenz/Lamivudine/Tenofovir Disoproxil Fumarate,Generic,600/300/300mg,Tablet - FDC,30,117112,1143013.12,9.76,0.33,Hetero Unit III Hyderabad IN,Yes,15735,37929,1175.02
70486,108-VN-T30,FPQ-7427,SCMS-105480,ASN-11710,Vietnam,PMO - US,Direct Drop,EXW,Air,3/31/2011,4/14/2011,5-Sep-11,5-Sep-11,5-Sep-11,ARV,Adult,MYLAN LABORATORIES LTD (FORMERLY MATRIX LABORATORIES),"Lamivudine/Nevirapine/Zidovudine 150/200/300mg, tablets, 60 Tabs",Lamivudine/Nevirapine/Zidovudine,Generic,150/300/200mg,Tablet - FDC,60,24428,268463.72,10.99,0.18,Mylan (formerly Matrix) Nashik,Yes,3408,13674.64,442.97
82633,111-MZ-T30,FPQ-12416,SO-45896,DN-3483,Mozambique,PMO - US,From RDC,N/A - From RDC,Truck,6/28/2013,N/A - From RDC,31-Jan-14,10-Feb-14,17-Mar-14,ARV,Adult,SCMS from RDC,"Lamivudine/Nevirapine/Zidovudine 150/200/300mg, tablets, 60 Tabs",Lamivudine/Nevirapine/Zidovudine,Generic,150/300/200mg,Tablet - FDC,60,39600,327096.0,8.26,0.14,Mylan (formerly Matrix) Nashik,Yes,17181,15814.01,404.62
11208,112-NG-T01,Pre-PQ Process,SO-567,DN-475,Nigeria,PMO - US,From RDC,N/A - From RDC,Air,Pre-PQ Process,N/A - From RDC,3-Dec-07,3-Dec-07,3-Dec-07,ARV,Adult,SCMS from RDC,"Lamivudine/Zidovudine 150/300mg, tablets, 60 Tabs",Lamivudine/Zidovudine,Generic,150/300mg,Tablet - FDC,60,215,2296.2,10.68,0.18,"Aurobindo Unit III, India",No,See DN-475 (ID#:10642),See DN-475 (ID#:10642),3.67
42579,106-HT-T30,FPQ-11285,SCMS-176130,ASN-18522,Haiti,PMO - US,Direct Drop,FCA,Air,1/16/2013,2/5/2013,20-Mar-13,20-Mar-13,20-Mar-13,ARV,Pediatric,ABBVIE LOGISTICS (FORMERLY ABBOTT LOGISTICS BV),"Lopinavir/Ritonavir 100/25mg [Aluvia], tablets, 60 Tabs",Lopinavir/Ritonavir,Generic,100/25mg,Tablet,60,936,5559.84,5.94,0.1,ABBVIE Ludwigshafen Germany,Yes,128,1637.86,6.88
79871,133-NG-T30,FPQ-10349,SCMS-155301,ASN-17317,Nigeria,PMO - US,Direct Drop,EXW,Air,7/17/2012,8/10/2012,21-Dec-12,21-Dec-12,21-Dec-12,HRDT,HIV test,"Trinity Biotech, Plc","HIV 1/2, Uni-Gold HIV Kit, 20 Tests","HIV 1/2, Uni-Gold HIV Kit",Uni-Gold,,Test kit,20,6042,193344.0,32.0,1.6,"Trinity Biotech, Plc",Yes,1990,23396.04,271.07
33116,107-RW-T30,FPQ-10092,SCMS-149431,ASN-15554,Rwanda,PMO - US,Direct Drop,EXW,Air,6/4/2012,6/12/2012,4-Aug-12,4-Aug-12,4-Aug-12,ARV,Adult,HETERO LABS LIMITED,"Lamivudine/Tenofovir Disoproxil Fumarate 300/300mg, tablets, 30 Tabs",Lamivudine/Tenofovir Disoproxil Fumarate,Generic,300/300mg,Tablet - FDC,30,61209,293191.11,4.79,0.16,Hetero Unit III Hyderabad IN,Yes,9117,98763.02,411.05
25844,109-TZ-T30,FPQ-9211,SCMS-136920,ASN-14276,Tanzania,PMO - US,Direct Drop,EXW,Air,1/25/2012,2/17/2012,8-May-12,8-May-12,8-May-12,HRDT,HIV test,"Orgenics, Ltd","HIV 1/2, Determine Complete HIV Kit, 100 Tests","HIV 1/2, Determine Complete HIV Kit",Determine,,Test kit,100,1130,90400.0,80.0,0.8,"Alere Medical Co., Ltd.",Yes,537,10626.8,126.74
84184,113-ZW-T30,FPQ-8464,SO-40892,DN-2802,Zimbabwe,PMO - US,From RDC,N/A - From RDC,Truck,10/4/2011,N/A - From RDC,16-Oct-12,4-Sep-12,4-Sep-12,ARV,Adult,SCMS from RDC,"Lamivudine/Stavudine 150/30mg, tablets, 60 Tabs",Lamivudine/Stavudine,Generic,150/30mg,Tablet - FDC,60,4451,13130.45,2.95,0.05,"Strides, Bangalore, India.",Yes,228,7423.38,21.67
68,113-ZW-T01,Pre-PQ Process,SCMS-308,ASN-285,Zimbabwe,PMO - US,Direct Drop,CIP,Air,Pre-PQ Process,1/10/2007,19-Mar-07,19-Mar-07,19-Mar-07,ARV,Pediatric,BRISTOL-MYERS SQUIBB,"#102198**Didanosine 200mg [Videx], tablets, 60 Tabs",Didanosine,Videx,200mg,Tablet,60,579,14764.5,25.5,0.42,"BMS Meymac, France",Yes,Weight Captured Separately,Freight Included in Commodity Cost,
3096,108-VN-T01,Pre-PQ Process,SCMS-20430,ASN-1887,Vietnam,PMO - US,Direct Drop,EXW,Air,Pre-PQ Process,3/31/2008,17-Jun-08,17-Jun-08,17-Jun-08,ARV,Adult,STRIDES ARCOLAB LIMITED,"Stavudine 30mg, capsules, 60 Caps",Stavudine,Generic,30mg,Capsule,60,2576,3889.76,1.51,0.03,"Strides, Bangalore, India.",Yes,121,2789.74,6.22
86529,114-UG-T30,FPQ-10556,SO-43200,DN-2922,Uganda,PMO - US,From RDC,N/A - From RDC,Truck,8/30/2012,N/A - From RDC,6-Dec-12,20-Nov-12,20-Nov-12,ARV,Adult,SCMS from RDC,"Zidovudine 300mg, tablets, 60 Tabs",Zidovudine,Generic,300mg,Tablet,60,25,169.0,6.76,0.11,Hetero Unit III Hyderabad IN,Yes,1,5220.79,0.24
84230,113-ZW-T30,FPQ-10895,SO-43580,DN-3033,Zimbabwe,PMO - US,From RDC,N/A - From RDC,Truck,10/25/2012,N/A - From RDC,31-Mar-13,14-Mar-13,14-Mar-13,ARV,Adult,SCMS from RDC,"Efavirenz/Lamivudine/Tenofovir Disoproxil Fumarate 600/300/300mg, tablets, 30 Tabs",Efavirenz/Lamivudine/Tenofovir Disoproxil Fumarate,Generic,600/300/300mg,Tablet - FDC,30,20160,244137.6,12.11,0.4,Mylan (formerly Matrix) Nashik,No,See DN-3033 (ID#:83658),See DN-3033 (ID#:83658),302.0
11086,100-CI-T01,Pre-PQ Process,SO-283,DN-16,Côte d'Ivoire,PMO - US,From RDC,N/A - From RDC,,Pre-PQ Process,N/A - From RDC,22-Feb-07,22-Feb-07,22-Feb-07,ARV,Adult,SCMS from RDC,"Efavirenz 600mg, tablets, 30 Tabs",Efavirenz,Generic,600mg,Tablet,30,4350,70687.5,16.25,0.54,"Aurobindo Unit III, India",No,See DN-16 (ID#:10540),See DN-16 (ID#:10540),
14016,108-VN-T30,FPQ-13976,SCMS-236070,ASN-28062,Vietnam,PMO - US,Direct Drop,EXW,Air,4/8/2014,4/30/2014,7-Nov-14,7-Nov-14,8-Nov-14,ARV,Adult,MICRO LABS LIMITED,"Nevirapine 200mg, tablets, 60 Tabs",Nevirapine,Generic,200mg,Tablet,60,7600,15808.0,2.08,0.03,"Micro labs, Verna, Goa, India",Yes,1292,2800.95,16.25
85874,151-NG-T30,FPQ-9432,SO-42642,DN-2733,Nigeria,PMO - US,From RDC,N/A - From RDC,Air Charter,3/1/2012,N/A - From RDC,2-Aug-12,9-Jul-12,9-Jul-12,ARV,Adult,SCMS from RDC,"Lamivudine/Nevirapine/Zidovudine 150/200/300mg, tablets, 60 Tabs",Lamivudine/Nevirapine/Zidovudine,Generic,150/300/200mg,Tablet - FDC,60,180000,1765800.0,9.81,0.16,"Aurobindo Unit III, India",Yes,23096,21347.13,2475.65
64262,133-NG-T30,FPQ-12456,SCMS-196561,ASN-22344,Nigeria,PMO - US,Direct Drop,EXW,Air,6/10/2013,7/10/2013,7-Nov-13,11-Nov-13,17-Nov-13,HRDT,HIV test,"Orgenics, Ltd","HIV 1/2, Determine Complete HIV Kit, 100 Tests","HIV 1/2, Determine Complete HIV Kit",Determine,,Test kit,100,3056,271984.0,89.0,0.89,"Alere Medical Co., Ltd.",Yes,1241,20602.3,336.44
11102,100-CI-T01,Pre-PQ Process,SO-392,DN-53,Côte d'Ivoire,PMO - US,From RDC,N/A - From RDC,,Pre-PQ Process,N/A - From RDC,4-May-07,4-May-07,4-May-07,ARV,Adult,SCMS from RDC,"Efavirenz 600mg, tablets, 30 Tabs",Efavirenz,Generic,600mg,Tablet,30,10000,162500.0,16.25,0.54,"Aurobindo Unit III, India",Yes,901,3006,
12763,106-HT-T01,Pre-PQ Process,SO-1285,DN-627,Haiti,PMO - US,From RDC,N/A - From RDC,Air,Pre-PQ Process,N/A - From RDC,8-Mar-08,8-Mar-08,8-Mar-08,ARV,Adult,SCMS from RDC,"Zidovudine 300mg, tablets, 60 Tabs",Zidovudine,Generic,300mg,Tablet,60,3000,24450.0,8.15,0.14,"Aurobindo Unit III, India",No,See DN-627 (ID#:10926),See DN-627 (ID#:10926),39.12
12617,106-HT-T01,Pre-PQ Process,SO-32770,DN-1465,Haiti,PMO - US,From RDC,N/A - From RDC,Air,Date Not Captured,N/A - From RDC,13-Oct-09,13-Oct-09,13-Oct-09,ARV,Adult,SCMS from RDC,"Efavirenz 600mg, tablets, 30 Tabs",Efavirenz,Generic,600mg,Tablet,30,36456,226756.32,6.22,0.21,"Aurobindo Unit III, India",Yes,3160,32104.3,444.44
84880,103-ZW-T30,FPQ-12086,SO-45132,DN-3486,Zimbabwe,PMO - US,From RDC,N/A - From RDC,Truck,4/19/2013,N/A - From RDC,14-Feb-14,10-Feb-14,19-Mar-14,ARV,Pediatric,SCMS from RDC,"Lamivudine/Nevirapine/Zidovudine 30/50/60mg, dispersible tablets, 60 Tabs",Lamivudine/Nevirapine/Zidovudine,Generic,30/50/60mg,Chewable/dispersible tablet - FDC,60,841,3153.75,3.75,0.06,"Cipla, Goa, India",Yes,73,1500,3.9
2655,108-VN-T01,Pre-PQ Process,SCMS-80,ASN-49,Vietnam,PMO - US,Direct Drop,EXW,Air,Pre-PQ Process,Date Not Captured,1-Sep-06,1-Sep-06,1-Sep-06,ARV,Adult,"GILEAD SCIENCES IRELAND, INC.","Tenofovir Disoproxil Fumarate 300mg [Viread], tablets, 30 Tabs",Tenofovir Disoproxil Fumarate,Viread,300mg,Tablet,30,1000,17000.0,17.0,0.57,Gilead(Nycomed) Oranienburg DE,Yes,61,7682.69,
83007,105-GY-T30,FPQ-8620,SO-41000,DN-2503,Guyana,PMO - US,From RDC,N/A - From RDC,Air,10/27/2011,N/A - From RDC,30-Mar-12,4-Feb-12,4-Feb-12,ARV,Pediatric,SCMS from RDC,"Zidovudine 10mg/ml, oral solution w/syringe, Bottle, 240 ml",Zidovudine,Generic,10mg/ml,Oral solution,240,204,428.4,2.1,0.01,"Aurobindo Unit III, India",Yes,171,2522.76,0.6
8264,102-NG-T01,Pre-PQ Process,SCMS-16900,ASN-1410,Nigeria,PMO - US,Direct Drop,EXW,Air,Pre-PQ Process,1/29/2008,12-Mar-08,10-Mar-08,10-Mar-08,HRDT,HIV test - Ancillary,"Orgenics, Ltd","HIV, Lancet, Safety, for HIV Test kits, 100 Pcs","HIV, Lancet, Safety, for HIV Test kits, 100 Pcs",Generic,,Test kit - Ancillary,100,6199,61.99,0.01,0.0,Inverness Japan,Yes,Weight Captured Separately,Invoiced Separately,0.1
50231,108-VN-T30,FPQ-5317,SCMS-69720,ASN-7237,Vietnam,PMO - US,Direct Drop,EXW,Air,3/22/2010,3/29/2010,2-Jul-10,2-Jul-10,2-Jul-10,ARV,Adult,MYLAN LABORATORIES LTD (FORMERLY MATRIX LABORATORIES),"Abacavir 300mg, tablets, 60 Tabs",Abacavir,Generic,300mg,Tablet,60,151,2399.39,15.89,0.26,Mylan (formerly Matrix) Nashik,Yes,749,7488.39,5.17
56524,111-MZ-T30,FPQ-7270,SCMS-103130,ASN-11344,Mozambique,PMO - US,Direct Drop,EXW,Ocean,3/4/2011,3/30/2011,22-Nov-11,22-Nov-11,22-Nov-11,HRDT,HIV test,"Trinity Biotech, Plc","HIV 1/2, Uni-Gold HIV Kit, 20 Tests","HIV 1/2, Uni-Gold HIV Kit",Uni-Gold,,Test kit,20,13300,425600.0,32.0,1.6,"Trinity Biotech, Plc",Yes,4472,23408.33,702.24
83415,104-CI-T30,FPQ-4378,SO-34370,DN-1759,Côte d'Ivoire,PMO - US,From RDC,N/A - From RDC,Air,10/15/2009,N/A - From RDC,6-Apr-10,1-Apr-10,1-Apr-10,ARV,Adult,SCMS from RDC,"Tenofovir Disoproxil Fumarate 300mg, tablets, 30 Tabs",Tenofovir Disoproxil Fumarate,Generic,300mg,Tablet,30,250,2035.0,8.14,0.27,Mylan (formerly Matrix) Nashik,No,See DN-1759 (ID#:82875),See DN-1759 (ID#:82875),3.99
84287,111-MZ-T30,FPQ-11884,SO-44865,DN-3318,Mozambique,PMO - US,From RDC,N/A - From RDC,Truck,3/19/2013,N/A - From RDC,31-Oct-13,31-Oct-13,12-Nov-13,ARV,Adult,SCMS from RDC,"Efavirenz 600mg, tablets, 30 Tabs",Efavirenz,Generic,600mg,Tablet,30,70643,235241.19,3.33,0.11,"Hetero, Jadcherla, unit 5, IN",No,See DN-3318 (ID#:83716),See DN-3318 (ID#:83716),290.99
12447,117-ET-T01,Pre-PQ Process,SO-1530,DN-537,Ethiopia,PMO - US,From RDC,N/A - From RDC,Air,Pre-PQ Process,N/A - From RDC,20-Dec-07,25-Dec-07,25-Dec-07,ARV,Adult,SCMS from RDC,"Nevirapine 200mg, tablets, 60 Tabs",Nevirapine,Generic,200mg,Tablet,60,12745,43333.0,3.4,0.06,"Aurobindo Unit III, India",Yes,1197,8332,69.33
4283,106-HT-T01,Pre-PQ Process,SCMS-17670,ASN-1519,Haiti,PMO - US,Direct Drop,FCA,Air,Pre-PQ Process,2/15/2008,11-Apr-08,11-Apr-08,11-Apr-08,ARV,Pediatric,ABBVIE LOGISTICS (FORMERLY ABBOTT LOGISTICS BV),"Lopinavir/Ritonavir 100/25mg [Aluvia], tablets, 60 Tabs",Lopinavir/Ritonavir,Generic,100/25mg,Tablet,60,180,1850.4,10.28,0.17,ABBVIE Ludwigshafen Germany,Yes,31,910.86,2.96
85596,151-NG-T30,FPQ-14989,SO-49935,DN-4260,Nigeria,PMO - US,From RDC,N/A - From RDC,Air Charter,9/19/2014,N/A - From RDC,30-Jun-15,28-Apr-15,29-Apr-15,ARV,Adult,SCMS from RDC,"Lamivudine/Nevirapine/Zidovudine 150/200/300mg, tablets, 60 Tabs",Lamivudine/Nevirapine/Zidovudine,Generic,150/300/200mg,Tablet - FDC,60,234519,1810486.68,7.72,0.13,"Cipla, Goa, India",Yes,51833,107573.94,1861.18
5083,116-ZA-T01,Pre-PQ Process,SCMS-47380,ASN-4285,South Africa,PMO - US,Direct Drop,DDP,Truck,Pre-PQ Process,4/2/2009,15-May-09,21-Apr-09,21-Apr-09,ARV,Adult,S. BUYS WHOLESALER,"Lopinavir/Ritonavir 200/50mg [Aluvia], tablets, 120 Tabs",Lopinavir/Ritonavir,Aluvia,200/50mg,Tablet,120,400,14400.0,36.0,0.3,ABBVIE Ludwigshafen Germany,Yes,Weight Captured Separately,Freight Included in Commodity Cost,28.22
83419,105-GY-T30,FPQ-5430,SO-36560,DN-1791,Guyana,PMO - US,From RDC,N/A - From RDC,Air,3/29/2010,N/A - From RDC,15-Apr-10,28-Apr-10,28-Apr-10,ARV,Adult,SCMS from RDC,"Emtricitabine/Tenofovir Disoproxil Fumarate 200/300mg, tablets, 30 Tabs",Emtricitabine/Tenofovir Disoproxil Fumarate,Generic,200/300mg,Tablet - FDC,30,4955,58221.25,11.75,0.39,Mylan (formerly Matrix) Nashik,Yes,376,4468.34,125.53
85924,114-UG-T30,FPQ-10556,SO-43160,DN-2952,Uganda,PMO - US,From RDC,N/A - From RDC,Air,8/30/2012,N/A - From RDC,2-Feb-13,2-Feb-13,2-Feb-13,ARV,Adult,SCMS from RDC,"Lamivudine/Nevirapine/Zidovudine 150/200/300mg, tablets, 60 Tabs",Lamivudine/Nevirapine/Zidovudine,Generic,150/300/200mg,Tablet - FDC,60,3235,31120.7,9.62,0.16,Hetero Unit III Hyderabad IN,No,See DN-2952 (ID#:82537),See DN-2952 (ID#:82537),43.63
83538,111-MZ-T30,FPQ-7053,SO-38641,DN-2366,Mozambique,PMO - US,From RDC,N/A - From RDC,Truck,1/24/2011,N/A - From RDC,25-Jan-12,25-Jan-12,25-Jan-12,ARV,Pediatric,SCMS from RDC,"Nevirapine 10mg/ml, oral suspension w/syringe, Bottle, 240 ml",Nevirapine,Generic,10mg/ml,Oral suspension,240,13994,27288.3,1.95,0.01,"Aurobindo Unit III, India",Yes,5269,4480.45,45.03
85172,151-NG-T30,FPQ-6243,SO-38320,DN-2090,Nigeria,PMO - US,From RDC,N/A - From RDC,Air Charter,8/25/2010,N/A - From RDC,22-Feb-11,16-Feb-11,16-Feb-11,ARV,Adult,SCMS from RDC,"Emtricitabine/Tenofovir Disoproxil Fumarate 200/300mg, tablets, 30 Tabs",Emtricitabine/Tenofovir Disoproxil Fumarate,Generic,200/300mg,Tablet - FDC,30,55488,605928.96,10.92,0.36,Mylan (formerly Matrix) Nashik,No,See DN-2090 (ID#:82366),See DN-2090 (ID#:82366),1306.38
82567,900-SS-T30,FPQ-11272,SO-44101,DN-3100,South Sudan,PMO - US,From RDC,N/A - From RDC,Air,12/17/2012,N/A - From RDC,30-Apr-13,26-Apr-13,26-Apr-13,ARV,Adult,SCMS from RDC,"Zidovudine 300mg, tablets, 60 Tabs",Zidovudine,Generic,300mg,Tablet,60,4560,30825.6,6.76,0.11,"Aurobindo Unit III, India",Yes,230,1740.47,38.13
85038,114-UG-T30,FPQ-15294,SO-50053,DN-4298,Uganda,PMO - US,From RDC,N/A - From RDC,Truck,11/3/2014,N/A - From RDC,15-Jul-15,9-Jul-15,13-Jul-15,ARV,Pediatric,SCMS from RDC,"Abacavir/Lamivudine 60/30mg, dispersible tablets, 60 Tabs",Abacavir/Lamivudine,Generic,60/30mg,Chewable/dispersible tablet - FDC,60,14476,57180.2,3.95,0.07,"Cipla, Patalganga, India",Yes,839,8402.24,67.3
47048,105-GY-T30,FPQ-7619,SCMS-111220,ASN-11550,Guyana,PMO - US,Direct Drop,FCA,Air,5/30/2011,6/15/2011,5-Aug-11,5-Aug-11,5-Aug-11,ARV,Adult,ABBVIE LOGISTICS (FORMERLY ABBOTT LOGISTICS BV),"Lopinavir/Ritonavir 200/50mg [Aluvia], tablets, 120 Tabs",Lopinavir/Ritonavir,Aluvia,200/50mg,Tablet,120,1324,108832.8,82.2,0.68,ABBVIE Ludwigshafen Germany,Yes,334,2171.57,179.57
85385,114-UG-T30,FPQ-12473,SO-45870,DN-3267,Uganda,PMO - US,From RDC,N/A - From RDC,Air,6/11/2013,N/A - From RDC,29-Aug-13,13-Sep-13,13-Sep-13,ARV,Adult,SCMS from RDC,"Lamivudine/Nevirapine/Zidovudine 150/200/300mg, tablets, 60 Tabs",Lamivudine/Nevirapine/Zidovudine,Generic,150/300/200mg,Tablet - FDC,60,100000,858000.0,8.58,0.14,"Cipla, Goa, India",No,See DN-3267 (ID#:83708),See DN-3267 (ID#:83708),1061.35
52629,104-CI-T30,FPQ-6252,SCMS-85440,ASN-8566,Côte d'Ivoire,PMO - US,Direct Drop,EXW,Air,8/26/2010,9/16/2010,22-Nov-10,22-Nov-10,22-Nov-10,HRDT,HIV test,"Orgenics, Ltd","HIV 1/2, Determine HIV Kit, without Lancets, 100 Tests","HIV 1/2, Determine HIV Kit, without Lancets",Determine,,Test kit,100,275,21367.5,77.7,0.78,Inverness Japan,Yes,64,2319.8,46.07
82694,151-NG-T30,FPQ-13293,SO-47272,DN-3794,Nigeria,PMO - US,From RDC,N/A - From RDC,Air Charter,11/19/2013,N/A - From RDC,30-Jun-14,20-Jun-14,25-Jun-14,ARV,Adult,SCMS from RDC,"Lamivudine/Nevirapine/Zidovudine 150/200/300mg, tablets, 60 Tabs",Lamivudine/Nevirapine/Zidovudine,Generic,150/300/200mg,Tablet - FDC,60,200000,1622000.0,8.11,0.14,"Aurobindo Unit III, India",Yes,51698,28812.57,1667.42
12803,113-ZW-T01,Pre-PQ Process,SO-1921,DN-645,Zimbabwe,PMO - US,From RDC,N/A - From RDC,Truck,Pre-PQ Process,N/A - From RDC,7-Mar-08,7-Mar-08,7-Mar-08,ARV,Adult,SCMS from RDC,"Zidovudine 300mg, tablets, 60 Tabs",Zidovudine,Generic,300mg,Tablet,60,3180,25917.0,8.15,0.14,"Aurobindo Unit III, India",Yes,182,1593.48,41.47
86505,151-NG-T30,FPQ-9432,SO-42931,DN-2792,Nigeria,PMO - US,From RDC,N/A - From RDC,Air Charter,3/1/2012,N/A - From RDC,20-Aug-12,14-Aug-12,14-Aug-12,ARV,Adult,SCMS from RDC,"Efavirenz/Lamivudine/Tenofovir Disoproxil Fumarate 600/300/300mg, tablets, 30 Tabs",Efavirenz/Lamivudine/Tenofovir Disoproxil Fumarate,Generic,600/300/300mg,Tablet - FDC,30,23000,305210.0,13.27,0.44,Mylan (formerly Matrix) Nashik,Yes,2437,18461.23,427.9
84771,151-NG-T30,FPQ-9968,SO-43435,DN-2946,Nigeria,PMO - US,From RDC,N/A - From RDC,Air,5/23/2012,N/A - From RDC,4-Dec-12,4-Dec-12,4-Dec-12,ARV,Adult,SCMS from RDC,"Nevirapine 200mg, tablets, 60 Tabs",Nevirapine,Generic,200mg,Tablet,60,728,1761.76,2.42,0.04,"Aurobindo Unit III, India",No,See DN-2946 (ID#:82531),See DN-2946 (ID#:82531),2.47
83861,111-MZ-T30,FPQ-14226,SO-48880,DN-4032,Mozambique,PMO - US,From RDC,N/A - From RDC,Truck,5/2/2014,N/A - From RDC,2-Mar-15,2-Mar-15,9-Mar-15,ARV,Adult,SCMS from RDC,"Abacavir 300mg, tablets, 60 Tabs",Abacavir,Generic,300mg,Tablet,60,7700,86471.0,11.23,0.19,Mylan (formerly Matrix) Nashik,No,See DN-4032 (ID#:82757),See DN-4032 (ID#:82757),88.89
86295,151-NG-T30,FPQ-4537,SO-34917,DN-1782,Nigeria,PMO - US,From RDC,N/A - From RDC,Air Charter,11/6/2009,N/A - From RDC,31-May-10,18-May-10,18-May-10,ARV,Adult,SCMS from RDC,"Efavirenz 600mg, tablets, 30 Tabs",Efavirenz,Generic,600mg,Tablet,30,336,1596.0,4.75,0.16,"Aurobindo Unit III, India",Yes,30,9736.1,3.44
11858,112-NG-T01,Pre-PQ Process,SO-2351,DN-717,Nigeria,PMO - US,From RDC,N/A - From RDC,Air,Pre-PQ Process,N/A - From RDC,18-Apr-08,18-Apr-08,18-Apr-08,ARV,Adult,SCMS from RDC,"Tenofovir Disoproxil Fumarate 300mg [Viread], tablets, 30 Tabs",Tenofovir Disoproxil Fumarate,Viread,300mg,Tablet,30,109,1853.0,17.0,0.57,Gilead(Nycomed) Oranienburg DE,Yes,422,2812.3,2.96
8648,133-NG-T01,Pre-PQ Process,SCMS-28870,ASN-2794,Nigeria,PMO - US,Direct Drop,EXW,Air,Pre-PQ Process,8/26/2008,15-Jan-09,20-Nov-08,20-Nov-08,HRDT,HIV test,"CHEMBIO DIAGNOSTIC SYSTEMS, INC.","HIV 1/2, Stat-Pak HIV, Kit, 20 Tests","HIV 1/2, Stat-Pak HIV, Kit",Stat-Pak,,Test kit,20,10594,286038.0,27.0,1.35,Chembio Diagnostics Sys. Inc.,Yes,3039,24025.77,560.63
12254,109-TZ-T01,Pre-PQ Process,SO-2565,DN-853,Tanzania,PMO - US,From RDC,N/A - From RDC,Air,Pre-PQ Process,N/A - From RDC,29-Aug-08,29-Aug-08,29-Aug-08,ARV,Adult,SCMS from RDC,"Lamivudine/Nevirapine/Stavudine 150/200/30mg, tablets, 60 Tabs",Lamivudine/Nevirapine/Stavudine,Generic,150/200/30mg,Tablet - FDC,60,60332,446456.8,7.4,0.12,"Cipla, Goa, India",No,See DN-853 (ID#:11940),See DN-853 (ID#:11940),714.33
83086,900-CM-T30,FPQ-10641,SO-43390,DN-2886,Cameroon,PMO - US,From RDC,N/A - From RDC,Air Charter,9/19/2012,N/A - From RDC,24-Oct-12,17-Oct-12,17-Oct-12,ARV,Adult,SCMS from RDC,"Efavirenz 600mg, tablets, 30 Tabs",Efavirenz,Generic,600mg,Tablet,30,71406,259917.84,3.64,0.12,"Aurobindo Unit III, India",No,See DN-2886 (ID#:82519),See DN-2886 (ID#:82519),364.4
23691,108-VN-T30,FPQ-11418,SCMS-176200,ASN-19695,Vietnam,PMO - US,Direct Drop,EXW,Air,1/29/2013,2/5/2013,2-Jul-13,2-Jul-13,2-Jul-13,ARV,Adult,MICRO LABS LIMITED,"Efavirenz 600mg, tablets, 30 Tabs",Efavirenz,Generic,600mg,Tablet,30,30118,97281.14,3.23,0.11,"Micro labs, Verna, Goa, India",Yes,1782,9648.44,120.34
11954,104-CI-T01,Pre-PQ Process,SO-11850,DN-988,Côte d'Ivoire,PMO - US,From RDC,N/A - From RDC,Air,Pre-PQ Process,N/A - From RDC,1-Dec-08,1-Dec-08,1-Dec-08,ARV,Adult,SCMS from RDC,"Efavirenz 600mg, tablets, 30 Tabs",Efavirenz,Generic,600mg,Tablet,30,30654,359264.88,11.72,0.39,"Aurobindo Unit III, India",No,See DN-988 (ID#:11022),See DN-988 (ID#:11022),704.16
55706,106-HT-T30,FPQ-9635,SCMS-148420,ASN-15616,Haiti,PMO - US,Direct Drop,EXW,Air,5/14/2012,6/28/2012,7-Aug-12,7-Aug-12,7-Aug-12,ARV,Adult,STRIDES ARCOLAB LIMITED,"Lamivudine/Stavudine 150/30mg, tablets, 60 Tabs",Lamivudine/Stavudine,Generic,150/30mg,Tablet - FDC,60,384,1121.28,2.92,0.05,"Strides, Bangalore, India.",Yes,20,950.05,1.57
10085,117-ET-T01,Pre-PQ Process,SCMS-32410,ASN-3178,Ethiopia,PMO - US,Direct Drop,EXW,Air,Pre-PQ Process,10/22/2008,30-Jan-09,20-Jan-09,20-Jan-09,HRDT,HIV test,"CHEMBIO DIAGNOSTIC SYSTEMS, INC.","HIV 1/2, Stat-Pak HIV, Kit, 20 Tests","HIV 1/2, Stat-Pak HIV, Kit",Stat-Pak,,Test kit,20,9325,251775.0,27.0,1.35,Chembio Diagnostics Sys. Inc.,Yes,3061,15288.75,493.48
12090,111-MZ-T01,Pre-PQ Process,SO-298,DN-304,Mozambique,PMO - US,From RDC,N/A - From RDC,Air,Pre-PQ Process,N/A - From RDC,21-Sep-07,21-Sep-07,21-Sep-07,ARV,Adult,SCMS from RDC,"Indinavir 400mg [Crixivan], capsules, 180 Caps",Indinavir,Crixivan,400mg,Capsule,180,740,36496.8,49.32,0.27,MSD Elkton USA,No,See DN-304 (ID#:10589),See DN-304 (ID#:10589),58.39
37410,116-ZA-T30,FPQ-13035,SCMS-215370,ASN-24415,South Africa,PMO - US,Direct Drop,DDP,Truck,10/8/2013,12/2/2013,6-Feb-14,6-Feb-14,6-Feb-14,ARV,Adult,S. BUYS WHOLESALER,"Abacavir 300mg, tablets, 60 Tabs",Abacavir,Generic,300mg,Tablet,60,97,6627.47,68.32,1.14,"Aurobindo Unit III, India",No,Weight Captured Separately,Freight Included in Commodity Cost,8.2
12267,117-ET-T01,Pre-PQ Process,SO-22190,DN-1091,Ethiopia,PMO - US,From RDC,N/A - From RDC,Air,Pre-PQ Process,N/A - From RDC,18-Feb-09,18-Feb-09,18-Feb-09,ARV,Adult,SCMS from RDC,"Lamivudine/Zidovudine 150/300mg, tablets, 60 Tabs",Lamivudine/Zidovudine,Generic,150/300mg,Tablet - FDC,60,5000,43800.0,8.76,0.15,Mylan (formerly Matrix) Nashik,Yes,403,1719.65,85.85
83701,104-CI-T30,FPQ-11253,SO-44220,DN-3216,Côte d'Ivoire,PMO - US,From RDC,N/A - From RDC,Truck,12/14/2012,N/A - From RDC,31-Jul-13,6-Aug-13,6-Aug-13,ARV,Adult,SCMS from RDC,"Lopinavir/Ritonavir 200/50mg, tablets, 120 Tabs",Lopinavir/Ritonavir,Generic,200/50mg,Tablet,120,20000,420000.0,21.0,0.18,"Aurobindo Unit III, India",Yes,5633,17548.42,519.54
83110,104-CI-T30,FPQ-11306,SO-44240,DN-3020,Côte d'Ivoire,PMO - US,From RDC,N/A - From RDC,Air,12/14/2012,N/A - From RDC,6-Mar-13,28-Feb-13,28-Feb-13,ARV,Adult,SCMS from RDC,"Emtricitabine/Tenofovir Disoproxil Fumarate 200/300mg, tablets, 30 Tabs",Emtricitabine/Tenofovir Disoproxil Fumarate,Generic,200/300mg,Tablet - FDC,30,8300,50381.0,6.07,0.2,"Aurobindo Unit III, India",Yes,760,4880.14,62.32
85328,151-NG-T30,FPQ-10477,SO-43045,DN-2997,Nigeria,PMO - US,From RDC,N/A - From RDC,Air Charter,8/9/2012,N/A - From RDC,11-Feb-13,11-Feb-13,11-Feb-13,ARV,Adult,SCMS from RDC,"Lamivudine/Zidovudine 150/300mg, tablets, 60 Tabs",Lamivudine/Zidovudine,Generic,150/300mg,Tablet - FDC,60,22790,165683.3,7.27,0.12,Hetero Unit III Hyderabad IN,Yes,22259,29780.5,232.29
56194,113-ZW-T30,FPQ-13939,SCMS-234730,ASN-26146,Zimbabwe,PMO - US,Direct Drop,EXW,Air Charter,4/1/2014,5/12/2014,14-Jun-14,14-Jun-14,16-Jun-14,ARV,Adult,CIPLA LIMITED,"Lamivudine/Tenofovir Disoproxil Fumarate 300/300mg, tablets, 30 Tabs",Lamivudine/Tenofovir Disoproxil Fumarate,Generic,300/300mg,Tablet - FDC,30,25811,118472.49,4.59,0.15,"Cipla, Kurkumbh, India",Yes,2829,24936.5,121.79
86181,900-TG-T30,FPQ-15916,SO-51070,DN-4185,Togo,PMO - US,From RDC,N/A - From RDC,Air,2/18/2015,N/A - From RDC,31-Mar-15,24-Apr-15,29-Apr-15,ARV,Adult,SCMS from RDC,"Nevirapine 200mg, tablets, 60 Tabs",Nevirapine,Generic,200mg,Tablet,60,240,523.2,2.18,0.04,Hetero Unit III Hyderabad IN,Yes,Weight Captured Separately,Invoiced Separately,0.62
83158,111-MZ-T30,FPQ-11884,SO-44864,DN-3302,Mozambique,PMO - US,From RDC,N/A - From RDC,Truck,3/19/2013,N/A - From RDC,30-Sep-13,12-Oct-13,27-Nov-13,ARV,Adult,SCMS from RDC,"Tenofovir Disoproxil Fumarate 300mg, tablets, 30 Tabs",Tenofovir Disoproxil Fumarate,Generic,300mg,Tablet,30,1000,4040.0,4.04,0.13,Mylan (formerly Matrix) Nashik,Yes,63,569,5.0
83255,111-MZ-T30,FPQ-14226,SO-48883,DN-3875,Mozambique,PMO - US,From RDC,N/A - From RDC,Truck,5/2/2014,N/A - From RDC,31-Dec-14,30-Oct-14,7-Nov-14,ARV,Adult,SCMS from RDC,"Efavirenz 600mg, tablets, 30 Tabs",Efavirenz,Generic,600mg,Tablet,30,30860,99060.6,3.21,0.11,"Cipla, Goa, India",Yes,19965,14767.58,101.83
4709,107-RW-T01,Pre-PQ Process,SCMS-30310,ASN-3505,Rwanda,PMO - US,Direct Drop,CIP,Air,Pre-PQ Process,10/21/2008,10-Mar-09,10-Mar-09,10-Mar-09,ARV,Adult,CIPLA LIMITED,"Lamivudine/Zidovudine 150/300mg, tablets, 60 Tabs",Lamivudine/Zidovudine,Generic,150/300mg,Tablet - FDC,60,18560,168896.0,9.1,0.15,"Cipla, Goa, India",Yes,1698,16414.22,331.04
1674,116-ZA-T01,Pre-PQ Process,SCMS-19800,ASN-1665,South Africa,PMO - US,Direct Drop,DDP,Truck,Pre-PQ Process,2/20/2008,24-Apr-08,24-Apr-08,24-Apr-08,ARV,Pediatric,S. BUYS WHOLESALER,"Ritonavir 80mg/ml [Norvir], oral solution, cool, Bottle, 90 ml",Ritonavir,Norvir,80mg/ml,Oral solution,90,6,47.28,7.88,0.09,ABBVIE (Abbott) France,No,Weight Captured Separately,Freight Included in Commodity Cost,0.08
83982,106-HT-T30,FPQ-4384,SO-35920,DN-1667,Haiti,PMO - US,From RDC,N/A - From RDC,Air,10/23/2009,N/A - From RDC,10-Mar-10,3-Mar-10,3-Mar-10,ARV,Adult,SCMS from RDC,"Stavudine 15mg, capsules, 60 Caps",Stavudine,Generic,15mg,Capsule,60,84,126.0,1.5,0.02,"Aurobindo Unit III, India",No,See DN-1667 (ID#:82861),See DN-1667 (ID#:82861),0.27
13652,108-VN-T30,FPQ-3896,SCMS-48290,ASN-4872,Vietnam,PMO - US,Direct Drop,EXW,Air,6/25/2009,6/29/2009,30-Sep-09,30-Sep-09,30-Sep-09,ARV,Adult,MYLAN LABORATORIES LTD (FORMERLY MATRIX LABORATORIES),"Efavirenz 600mg, tablets, 30 Tabs",Efavirenz,Generic,600mg,Tablet,30,21504,139776.0,6.5,0.22,Mylan (formerly Matrix) Nashik,Yes,1849,4191.83,273.96
84341,104-CI-T30,FPQ-11253,SO-44221,DN-3566,Côte d'Ivoire,PMO - US,From RDC,N/A - From RDC,Truck,12/14/2012,N/A - From RDC,11-Apr-14,11-Apr-14,28-Apr-14,ARV,Adult,SCMS from RDC,"Lamivudine/Zidovudine 150/300mg, tablets, 60 Tabs",Lamivudine/Zidovudine,Generic,150/300mg,Tablet - FDC,60,70300,473119.0,6.73,0.11,Mylan (formerly Matrix) Nashik,Yes,5565,23776.42,585.25
27186,116-ZA-T30,FPQ-4054,SCMS-51250,ASN-5057,South Africa,PMO - US,Direct Drop,DDP,Truck,7/29/2009,8/7/2009,31-Aug-09,31-Aug-09,31-Aug-09,ARV,Adult,S. BUYS WHOLESALER,"Tenofovir Disoproxil Fumarate 300mg [Viread], tablets, 30 Tabs",Tenofovir Disoproxil Fumarate,Viread,300mg,Tablet,30,100,2733.35,27.33,0.91,"Aspen-OSD, Port Elizabeth, SA",Yes,Weight Captured Separately,Freight Included in Commodity Cost,5.36
12479,112-NG-T01,Pre-PQ Process,SO-2351,DN-717,Nigeria,PMO - US,From RDC,N/A - From RDC,Air,Pre-PQ Process,N/A - From RDC,18-Apr-08,18-Apr-08,18-Apr-08,ARV,Adult,SCMS from RDC,"Efavirenz 600mg, tablets, 30 Tabs",Efavirenz,Generic,600mg,Tablet,30,3077,36954.77,12.01,0.4,"Aurobindo Unit III, India",No,See DN-717 (ID#:11858),See DN-717 (ID#:11858),59.13
84552,151-NG-T30,FPQ-4537,SO-36111,DN-1789,Nigeria,PMO - US,From RDC,N/A - From RDC,Air Charter,11/6/2009,N/A - From RDC,31-May-10,18-May-10,18-May-10,ARV,Adult,SCMS from RDC,"Efavirenz 600mg, tablets, 30 Tabs",Efavirenz,Generic,600mg,Tablet,30,7118,33810.5,4.75,0.16,"Aurobindo Unit III, India",Yes,628,9736.1,72.9
84789,113-ZW-T30,FPQ-10632,SO-43210,DN-3030,Zimbabwe,PMO - US,From RDC,N/A - From RDC,Truck,9/11/2012,N/A - From RDC,14-Mar-13,14-Mar-13,14-Mar-13,ARV,Adult,SCMS from RDC,"Lamivudine/Zidovudine 150/300mg, tablets, 60 Tabs",Lamivudine/Zidovudine,Generic,150/300mg,Tablet - FDC,60,3600,26172.0,7.27,0.12,"Aurobindo Unit III, India",No,See DN-3030 (ID#:82549),See DN-3030 (ID#:82549),36.69
85762,151-NG-T30,FPQ-6800,SO-39380,DN-2210,Nigeria,PMO - US,From RDC,N/A - From RDC,Air Charter,12/7/2010,N/A - From RDC,21-Jun-11,6-Jul-11,6-Jul-11,ARV,Adult,SCMS from RDC,"Nevirapine 200mg, tablets, 60 Tabs",Nevirapine,Generic,200mg,Tablet,60,22623,56783.73,2.51,0.04,"Aurobindo Unit III, India",Yes,2809,13398.06,93.69
86535,104-CI-T30,FPQ-10405,SO-42980,DN-2958,Côte d'Ivoire,PMO - US,From RDC,N/A - From RDC,Truck,7/24/2012,N/A - From RDC,1-Feb-13,14-Jan-13,14-Jan-13,ARV,Pediatric,SCMS from RDC,"Lamivudine/Zidovudine 30/60mg, tablets, 60 Tabs",Lamivudine/Zidovudine,Generic,30/60mg,Tablet - FDC,60,6800,18768.0,2.76,0.05,Mylan (formerly Matrix) Nashik,No,See DN-2958 (ID#:83097),See DN-2958 (ID#:83097),26.31
84210,107-RW-T30,FPQ-10119,SO-42710,DN-2961,Rwanda,PMO - US,From RDC,N/A - From RDC,Air,6/18/2012,N/A - From RDC,6-Feb-13,6-Feb-13,6-Feb-13,ARV,Adult,SCMS from RDC,"Lamivudine/Tenofovir Disoproxil Fumarate 300/300mg, tablets, 30 Tabs",Lamivudine/Tenofovir Disoproxil Fumarate,Generic,300/300mg,Tablet - FDC,30,69691,373543.76,5.36,0.18,Hetero Unit III Hyderabad IN,No,See DN-2961 (ID#:83098),See DN-2961 (ID#:83098),523.71
67091,101-CD-T30,FPQ-16001,SCMS-280220,ASN-32231,"Congo, DRC",PMO - US,Direct Drop,EXW,Air,3/10/2015,3/17/2015,23-Jul-15,23-Jul-15,29-Jul-15,HRDT,HIV test,"Orgenics, Ltd","HIV 1/2, Determine Complete HIV Kit, 100 Tests","HIV 1/2, Determine Complete HIV Kit",Determine,,Test kit,100,81,6480.0,80.0,0.8,"Alere Medical Co., Ltd.",No,See ASN-32231 (ID#:13648),See ASN-32231 (ID#:13648),7.63
2008,117-ET-T01,Pre-PQ Process,SCMS-28710,ASN-2576,Ethiopia,PMO - US,Direct Drop,EXW,Air,Pre-PQ Process,8/22/2008,7-Oct-08,7-Oct-08,7-Oct-08,HRDT,HIV test,"SHANGHAI KEHUA BIOENGINEERING CO.,LTD.  (KHB)","HIV 1/2, SKB Colloidal Gold, Diagnostic Kit, Antibody, 50 Tests","HIV 1/2, Colloidal Gold, Diagnostic Kit, Antibody",Colloidal Gold,,Test kit,1,6998,160954.0,23.0,23.0,"KHB Test Kit Facility, Shanghai China",Yes,5057,44347.71,257.53
13748,104-CI-T30,FPQ-3885,SCMS-48620,ASN-4720,Côte d'Ivoire,PMO - US,Direct Drop,EXW,Air,6/19/2009,7/7/2009,11-Sep-09,11-Sep-09,11-Sep-09,HRDT,HIV test,"CHEMBIO DIAGNOSTIC SYSTEMS, INC.","HIV 1/2, Stat-Pak HIV, Kit, 20 Tests","HIV 1/2, Stat-Pak HIV, Kit",Stat-Pak,,Test kit,20,350,9450.0,27.0,1.35,Chembio Diagnostics Sys. Inc.,Yes,205,1437.4,18.52
9675,108-VN-T01,Pre-PQ Process,SCMS-20540,ASN-2044,Vietnam,PMO - US,Direct Drop,EXW,Air,Pre-PQ Process,3/31/2008,18-Jul-08,18-Jul-08,18-Jul-08,ARV,Adult,MYLAN LABORATORIES LTD (FORMERLY MATRIX LABORATORIES),"Efavirenz 600mg, tablets, 30 Tabs",Efavirenz,Generic,600mg,Tablet,30,10080,115718.4,11.48,0.38,Mylan (formerly Matrix) Nashik,Yes,772,5893.08,185.15
84770,104-CI-T30,FPQ-10405,SO-42990,DN-2936,Côte d'Ivoire,PMO - US,From RDC,N/A - From RDC,Truck,7/24/2012,N/A - From RDC,13-Dec-12,3-Dec-12,3-Dec-12,ARV,Adult,SCMS from RDC,"Lamivudine/Zidovudine 150/300mg, tablets, 60 Tabs",Lamivudine/Zidovudine,Generic,150/300mg,Tablet - FDC,60,36180,279309.6,7.72,0.13,Mylan (formerly Matrix) Nashik,Yes,2907,11320.56,391.59
84286,101-CD-T30,FPQ-12088,SO-45031,DN-3311,"Congo, DRC",PMO - US,From RDC,N/A - From RDC,Air,4/12/2013,N/A - From RDC,21-Jan-14,21-Jan-14,29-Jan-14,ARV,Pediatric,SCMS from RDC,"Nevirapine 10mg/ml, oral suspension w/syringe, Bottle, 240 ml",Nevirapine,Generic,10mg/ml,Oral suspension,240,6339,12361.05,1.95,0.01,"Aurobindo Unit III, India",Yes,2357,24505,15.29
1939,110-ZM-T01,Pre-PQ Process,SCMS-27010,ASN-2448,Zambia,PMO - US,Direct Drop,EXW,Air,Pre-PQ Process,8/21/2008,22-Sep-08,22-Sep-08,22-Sep-08,HRDT,HIV test - Ancillary,"Orgenics, Ltd","HIV, Lancet, Safety, for HIV Test kits, 100 Pcs","HIV, Lancet, Safety, for HIV Test kits, 100 Pcs",Generic,,Test kit - Ancillary,100,3000,30.0,0.01,0.0,Inverness Japan,Yes,889,7303.52,0.05
84684,110-ZM-T30,FPQ-7767,SO-40272,DN-2434,Zambia,PMO - US,From RDC,N/A - From RDC,Truck,7/26/2011,N/A - From RDC,28-Feb-12,28-Nov-11,28-Nov-11,ARV,Adult,SCMS from RDC,"Zidovudine 300mg, tablets, 60 Tabs",Zidovudine,Generic,300mg,Tablet,60,6376,44759.52,7.02,0.12,Hetero Unit III Hyderabad IN,Yes,639,889.94,73.85
12587,114-UG-T01,Pre-PQ Process,SO-30110,DN-1256,Uganda,PMO - US,From RDC,N/A - From RDC,Air,Pre-PQ Process,N/A - From RDC,24-Jun-09,24-Jun-09,24-Jun-09,ARV,Adult,SCMS from RDC,"Lamivudine/Nevirapine/Zidovudine 150/200/300mg, tablets, 60 Tabs",Lamivudine/Nevirapine/Zidovudine,Generic,150/300/200mg,Tablet - FDC,60,1155,13109.25,11.35,0.19,Mylan (formerly Matrix) Nashik,Yes,147,1848.59,25.69
82481,113-ZW-T30,FPQ-8464,SO-40883,DN-2693,Zimbabwe,PMO - US,From RDC,N/A - From RDC,Truck,10/4/2011,N/A - From RDC,14-Aug-12,27-Jun-12,27-Jun-12,ARV,Adult,SCMS from RDC,"Lamivudine/Zidovudine 150/300mg, tablets, 60 Tabs",Lamivudine/Zidovudine,Generic,150/300mg,Tablet - FDC,60,3345,26024.1,7.78,0.13,Mylan (formerly Matrix) Nashik,Yes,7095,5530.11,42.94
12666,104-CI-T01,Pre-PQ Process,SO-733,DN-267,Côte d'Ivoire,PMO - US,From RDC,N/A - From RDC,,Pre-PQ Process,N/A - From RDC,3-Aug-07,3-Aug-07,3-Aug-07,ARV,Adult,SCMS from RDC,"Lopinavir/Ritonavir 200/50mg [Aluvia], tablets, 120 Tabs",Lopinavir/Ritonavir,Aluvia,200/50mg,Tablet,120,3090,127122.6,41.14,0.34,ABBVIE Ludwigshafen Germany,Yes,650,2457,203.4
82504,900-UG-T30,FPQ-10048,SO-42610,DN-2829,Uganda,PMO - US,From RDC,N/A - From RDC,Air,6/6/2012,N/A - From RDC,29-Oct-12,29-Oct-12,29-Oct-12,ARV,Adult,SCMS from RDC,"Lamivudine/Tenofovir Disoproxil Fumarate 300/300mg, tablets, 30 Tabs",Lamivudine/Tenofovir Disoproxil Fumarate,Generic,300/300mg,Tablet - FDC,30,20201,111913.54,5.54,0.18,"Cipla, Kurkumbh, India",Yes,3865,19667.94,156.9
75491,116-ZA-T30,FPQ-13973,SCMS-238556,ASN-31854,South Africa,PMO - US,Direct Drop,DDP,Truck,4/30/2014,4/28/2015,28-Apr-15,28-Apr-15,28-Apr-15,ARV,Pediatric,PHARMACY DIRECT,"Efavirenz 200mg, capsule, 90 Caps",Efavirenz,Generic,200mg,Capsule,90,6,283.05,47.18,0.52,"Aurobindo Unit III, India",No,Weight Captured Separately,Freight Included in Commodity Cost,0.29
83950,154-NG-T30,FPQ-3815,SO-32260,DN-1452,Nigeria,PMO - US,From RDC,N/A - From RDC,Air Charter,5/26/2009,N/A - From RDC,30-Oct-09,20-Oct-09,20-Oct-09,ARV,Pediatric,SCMS from RDC,"Efavirenz 200mg, capsule, 90 Caps",Efavirenz,Generic,200mg,Capsule,90,24,290.88,12.12,0.13,"Aurobindo Unit III, India",No,See DN-1452 (ID#:82272),See DN-1452 (ID#:82272),0.57
28039,105-GY-T30,FPQ-10268,SCMS-154460,ASN-16986,Guyana,PMO - US,Direct Drop,FCA,Air,7/16/2012,7/30/2012,18-Jan-13,18-Jan-13,18-Jan-13,ARV,Pediatric,ABBVIE LOGISTICS (FORMERLY ABBOTT LOGISTICS BV),"Lopinavir/Ritonavir 80/20mg/ml [Kaletra], oral solution, cool, Bottle 5 x 60 ml",Lopinavir/Ritonavir,Kaletra,80/20mg/ml,Oral solution,300,21,1277.22,60.82,0.2,ABBVIE (Abbott) Logis. UK,Yes,52,1097.08,1.79
82337,151-NG-T30,FPQ-5023,SO-36500,DN-1913,Nigeria,PMO - US,From RDC,N/A - From RDC,Air,2/10/2010,N/A - From RDC,15-Jul-10,28-Jun-10,28-Jun-10,ARV,Adult,SCMS from RDC,"Zidovudine 300mg, tablets, 60 Tabs",Zidovudine,Generic,300mg,Tablet,60,20000,150000.0,7.5,0.12,"Aurobindo Unit III, India",Yes,1096,Freight Included in Commodity Cost,323.4
10650,102-BW-T01,Pre-PQ Process,SO-1662,DN-621,Botswana,PMO - US,From RDC,N/A - From RDC,Air,Pre-PQ Process,N/A - From RDC,12-Mar-08,12-Mar-08,12-Mar-08,HRDT,HIV test,SCMS from RDC,"HIV 1/2, Uni-Gold HIV Kit, 20 Tests","HIV 1/2, Uni-Gold HIV Kit",Uni-Gold,,Test kit,20,100,3200.0,32.0,1.6,"Trinity Biotech, Plc",Yes,35,861,5.12
77910,116-ZA-T30,FPQ-13035,SCMS-215370,ASN-24415,South Africa,PMO - US,Direct Drop,DDP,Truck,10/8/2013,12/2/2013,6-Feb-14,6-Feb-14,6-Feb-14,ARV,Adult,S. BUYS WHOLESALER,"Lamivudine/Zidovudine 150/300mg, tablets, 60 Tabs",Lamivudine/Zidovudine,Generic,150/300mg,Tablet - FDC,60,259,7677.85,29.64,0.49,"Cipla, Goa, India",No,Weight Captured Separately,Freight Included in Commodity Cost,9.5
31574,901-CM-T30,FPQ-12528,SCMS-196500,ASN-21851,Cameroon,PMO - US,Direct Drop,EXW,Air,6/21/2013,6/28/2013,9-Nov-13,9-Nov-13,19-Nov-13,ARV,Adult,CIPLA LIMITED,"Lamivudine/Tenofovir Disoproxil Fumarate 300/300mg, tablets, 30 Tabs",Lamivudine/Tenofovir Disoproxil Fumarate,Generic,300/300mg,Tablet - FDC,30,39892,183503.2,4.6,0.15,"Cipla, Kurkumbh, India",Yes,4082,51243.69,226.99
84605,114-UG-T30,FPQ-6427,SO-37580,DN-2058,Uganda,PMO - US,From RDC,N/A - From RDC,Truck,9/29/2010,N/A - From RDC,2-Dec-10,29-Nov-10,29-Nov-10,ARV,Adult,SCMS from RDC,"Nevirapine 200mg, tablets, 60 Tabs",Nevirapine,Generic,200mg,Tablet,60,23787,63273.42,2.66,0.04,Hetero Unit III Hyderabad IN,Yes,1378,2559.88,136.42
63297,106-HT-T30,FPQ-14895,SCMS-261040,ASN-30196,Haiti,PMO - US,Direct Drop,EXW,Ocean,9/24/2014,11/14/2014,9-Apr-15,9-Apr-15,13-Apr-15,ARV,Adult,HETERO LABS LIMITED,"Efavirenz/Lamivudine/Tenofovir Disoproxil Fumarate 600/300/300mg, tablets, 30 Tabs",Efavirenz/Lamivudine/Tenofovir Disoproxil Fumarate,Generic,600/300/300mg,Tablet - FDC,30,56500,579125.0,10.25,0.34,Hetero Unit III Hyderabad IN,Yes,7324,10500.29,595.34
12247,106-HT-T01,Pre-PQ Process,SO-15930,DN-944,Haiti,PMO - US,From RDC,N/A - From RDC,Air,Pre-PQ Process,N/A - From RDC,4-Nov-08,4-Nov-08,4-Nov-08,ARV,Adult,SCMS from RDC,"Stavudine 20mg, capsules, 60 Caps",Stavudine,Generic,20mg,Capsule,60,500,875.0,1.75,0.03,"Aurobindo Unit III, India",No,See DN-944 (ID#:11012),See DN-944 (ID#:11012),1.72
13038,161-ZA-T30,FPQ-7175,SCMS-103410,ASN-12172,South Africa,PMO - US,Direct Drop,DDP,Ocean,3/10/2011,3/24/2011,14-Sep-11,27-Oct-11,27-Oct-11,ARV,Pediatric,Aurobindo Pharma Limited,"Efavirenz 50mg, capsule, 30 Caps",Efavirenz,Generic,50mg,Capsule,30,54768,133633.92,2.44,0.08,"Aurobindo Unit III, India",Yes,3237,10923.46,220.5
13959,110-ZM-T30,FPQ-14291,SCMS-242720,ASN-28530,Zambia,PMO - US,Direct Drop,EXW,Air,5/21/2014,6/4/2014,1-Dec-14,1-Dec-14,10-Dec-14,ARV,Pediatric,MYLAN LABORATORIES LTD (FORMERLY MATRIX LABORATORIES),"Lamivudine/Zidovudine 30/60mg, dispersible tablets, 60 Tabs",Lamivudine/Zidovudine,Generic,30/60mg,Chewable/dispersible tablet - FDC,60,10000,19900.0,1.99,0.03,"Mylan,  H-12 & H-13, India",Yes,849,4316.34,20.46
44204,101-ZA-T30,FPQ-12932,SCMS-206100,ASN-24547,South Africa,PMO - US,Direct Drop,DDP,Truck,9/7/2013,9/19/2013,17-Feb-14,17-Feb-14,17-Feb-14,ARV,Adult,PHARMACY DIRECT,"Lamivudine 150mg [Epivir], tablets, 60 Tabs",Lamivudine,Epivir,150mg,Tablet,60,2500,21941.29,8.78,0.15,GSK Cape Town Factory (South Africa),No,Weight Captured Separately,Freight Included in Commodity Cost,27.14
85787,110-ZM-T30,FPQ-7233,SO-39050,DN-2341,Zambia,PMO - US,From RDC,N/A - From RDC,Truck,3/1/2011,N/A - From RDC,21-Sep-11,26-Sep-11,26-Sep-11,ARV,Adult,SCMS from RDC,"Zidovudine 300mg, tablets, 60 Tabs",Zidovudine,Generic,300mg,Tablet,60,1917,13821.57,7.21,0.12,Hetero Unit III Hyderabad IN,Yes,2629,3139.96,22.81
6524,139-NA-T01,Pre-PQ Process,SCMS-45420,ASN-3988,Namibia,PMO - US,Direct Drop,DDP,Air,Pre-PQ Process,4/30/2009,15-May-09,15-May-09,15-May-09,HRDT,HIV test,"Orgenics, Ltd","HIV 1/2, Clearview Complete Kit, 25 Tests","HIV 1/2, Clearview Complete Kit",Clearview,,Test kit,25,7,525.0,75.0,3.0,Chembio Diagnostics Sys. Inc.,Yes,5,87.73,1.03
81757,111-MZ-T30,FPQ-8116,SCMS-118351,ASN-14785,Mozambique,PMO - US,Direct Drop,EXW,Air,8/4/2011,4/5/2012,20-Jun-12,20-Jun-12,20-Jun-12,HRDT,HIV test,"Trinity Biotech, Plc","HIV 1/2, Uni-Gold HIV Kit, 20 Tests","HIV 1/2, Uni-Gold HIV Kit",Uni-Gold,,Test kit,20,7500,240000.0,32.0,1.6,"Trinity Biotech, Plc",Yes,2440,37115.71,396.0
71096,161-ZA-T30,FPQ-6262,SCMS-83770,ASN-10570,South Africa,PMO - US,Direct Drop,DDP,Ocean,8/31/2010,9/24/2010,26-Apr-11,8-Jun-11,8-Jun-11,ARV,Adult,Aurobindo Pharma Limited,"Lamivudine 150mg, tablets, 60 Tabs",Lamivudine,Generic,150mg,Tablet,60,25342,60060.54,2.37,0.04,"Aurobindo Unit III, India",Yes,1279,11372.22,129.49
28960,116-ZA-T30,FPQ-13035,SCMS-215370,ASN-24415,South Africa,PMO - US,Direct Drop,DDP,Truck,10/8/2013,12/2/2013,6-Feb-14,6-Feb-14,6-Feb-14,ARV,Adult,S. BUYS WHOLESALER,"Efavirenz 600mg, tablets, 30 Tabs",Efavirenz,Generic,600mg,Tablet,30,1131,17468.66,15.45,0.52,"Aurobindo Unit III, India",No,Weight Captured Separately,Freight Included in Commodity Cost,21.61
47136,116-ZA-T30,FPQ-11828,SCMS-183950,ASN-19166,South Africa,South Africa Field Office,Direct Drop,DDP,Truck,3/18/2013,Date Not Captured,16-Apr-13,16-Apr-13,16-Apr-13,ARV,Adult,S. BUYS WHOLESALER,"Nevirapine 200mg [Viramune], tablets, 60 Tabs",Nevirapine,Viramune,200mg,Tablet,60,225,4157.82,18.48,0.31,"Boehringer Ing., Koropi, GR",No,Weight Captured Separately,Freight Included in Commodity Cost,5.14
83107,111-MZ-T30,FPQ-11033,SO-43760,DN-3012,Mozambique,PMO - US,From RDC,N/A - From RDC,Truck,11/12/2012,N/A - From RDC,1-Apr-13,22-Mar-13,22-Mar-13,ARV,Adult,SCMS from RDC,"Lamivudine/Zidovudine 150/300mg, tablets, 60 Tabs",Lamivudine/Zidovudine,Generic,150/300mg,Tablet - FDC,60,39096,284227.92,7.27,0.12,"Aurobindo Unit III, India",Yes,3591,7733.77,351.59
13926,161-ZA-T30,FPQ-5303,SCMS-68750,ASN-8885,South Africa,PMO - US,Direct Drop,DDP,Air,3/18/2010,3/19/2010,13-Oct-10,25-Jan-11,25-Jan-11,ARV,Adult,CIPLA LIMITED,"Tenofovir Disoproxil Fumarate 300mg, tablets, 30 Tabs",Tenofovir Disoproxil Fumarate,Generic,300mg,Tablet,30,19992,156337.44,7.82,0.26,"Cipla, Goa, India",Yes,1378,3646.1,337.06
11866,100-ZW-T01,Pre-PQ Process,SO-2667,DN-756,Zimbabwe,PMO - US,From RDC,N/A - From RDC,Air,Pre-PQ Process,N/A - From RDC,11-Jun-08,11-Jun-08,11-Jun-08,ARV,Adult,SCMS from RDC,"Lamivudine/Nevirapine/Stavudine 150/200/30mg, tablets, 60 Tabs",Lamivudine/Nevirapine/Stavudine,Generic,150/200/30mg,Tablet - FDC,60,37240,275576.0,7.4,0.12,"Cipla, Goa, India",Yes,7806,45047.32,440.92
65579,109-TZ-T30,FPQ-5174,SCMS-66920,ASN-7251,Tanzania,PMO - US,Direct Drop,FCA,Air,3/1/2010,3/12/2010,28-Jul-10,28-Jul-10,28-Jul-10,ARV,Adult,ABBVIE LOGISTICS (FORMERLY ABBOTT LOGISTICS BV),"Lopinavir/Ritonavir 200/50mg [Aluvia], tablets, 120 Tabs",Lopinavir/Ritonavir,Aluvia,200/50mg,Tablet,120,9007,325693.12,36.16,0.3,ABBVIE Ludwigshafen Germany,Yes,2020,9169.63,702.19
45149,108-VN-T30,FPQ-6384,SCMS-87720,ASN-9249,Vietnam,PMO - US,Direct Drop,EXW,Air,9/30/2010,10/14/2010,11-Feb-11,11-Feb-11,11-Feb-11,ARV,Adult,Aurobindo Pharma Limited,"Didanosine 250mg, delayed-release capsules, 30 Caps",Didanosine,Generic,250mg,Delayed-release capsules,30,300,3900.0,13.0,0.43,"Aurobindo Unit III, India",Yes,21,3657.69,8.41
62577,102-KE-T30,FPQ-4250,SCMS-55900,ASN-5595,Kenya,PMO - US,Direct Drop,EXW,Air,9/16/2009,10/23/2009,7-Jan-10,7-Jan-10,7-Jan-10,HRDT,HIV test,"Standard Diagnostics, Inc.","HIV 1/2, Bioline 3.0 Kit, Lancets, Capillary pipets, Alcohol swabs included, 25 Tests","HIV 1/2, Bioline 3.0 Kit, Lancets, Capillary pipets, Alcohol swabs included",Bioline,,Test kit,25,9475,189500.0,20.0,0.8,"Standard Diagnostics, Korea",Yes,3158,24172.01,371.42
83051,151-NG-T30,FPQ-8952,SO-41250,DN-2725,Nigeria,PMO - US,From RDC,N/A - From RDC,Air Charter,12/8/2011,N/A - From RDC,4-Jul-12,10-Jul-12,10-Jul-12,ARV,Adult,SCMS from RDC,"Nevirapine 200mg, tablets, 60 Tabs",Nevirapine,Generic,200mg,Tablet,60,100156,244380.64,2.44,0.04,"Aurobindo Unit III, India",Yes,10687,21347.12,342.62
10747,151-NG-T01,Pre-PQ Process,SO-21786,DN-1155,Nigeria,PMO - US,From RDC,N/A - From RDC,Air,Pre-PQ Process,N/A - From RDC,29-Apr-09,29-Apr-09,29-Apr-09,ARV,Adult,SCMS from RDC,"Emtricitabine/Tenofovir Disoproxil Fumarate 200/300mg [Truvada], tablets, 30 Tabs",Emtricitabine/Tenofovir Disoproxil Fumarate,Truvada,300/200mg,Tablet - FDC,30,17067,448008.75,26.25,0.88,"Aspen-OSD, Port Elizabeth, SA",Yes,1481,14974.4,878.1
26985,108-VN-T30,FPQ-10811,SCMS-164660,ASN-18971,Vietnam,PMO - US,Direct Drop,EXW,Air,10/15/2012,11/7/2012,16-May-13,16-May-13,16-May-13,ARV,Pediatric,STRIDES ARCOLAB LIMITED,"Lamivudine/Nevirapine/Zidovudine 30/50/60mg, dispersible tablets, 60 Tabs",Lamivudine/Nevirapine/Zidovudine,Generic,30/50/60mg,Chewable/dispersible tablet - FDC,60,3881,15524.0,4.0,0.07,"Strides, Bangalore, India.",No,See ASN-18971 (ID#:16186),See ASN-18971 (ID#:16186),19.2
86173,102-ZW-T30,FPQ-15621,SO-50580,DN-4158,Zimbabwe,PMO - US,From RDC,N/A - From RDC,Truck,12/19/2014,N/A - From RDC,16-Mar-15,17-Mar-15,19-Mar-15,ARV,Adult,SCMS from RDC,"Lamivudine/Zidovudine 150/300mg, tablets, 60 Tabs",Lamivudine/Zidovudine,Generic,150/300mg,Tablet - FDC,60,20000,130400.0,6.52,0.11,"Hetero, Jadcherla, unit 5, IN",Yes,1790,2042.6,153.48
84697,101-CD-T30,FPQ-8840,SO-41134,DN-2496,"Congo, DRC",PMO - US,From RDC,N/A - From RDC,Air,11/21/2011,N/A - From RDC,16-Mar-12,14-Feb-12,14-Feb-12,ARV,Adult,SCMS from RDC,"Nevirapine 200mg, tablets, 60 Tabs",Nevirapine,Generic,200mg,Tablet,60,40,103.2,2.58,0.04,"Strides, Bangalore, India.",No,See DN-2496 (ID#:82434),See DN-2496 (ID#:82434),0.14
37531,161-ZA-T30,FPQ-5303,SCMS-68952,ASN-7507,South Africa,PMO - US,Direct Drop,DDP,Air,3/18/2010,3/19/2010,24-Aug-10,24-Aug-10,24-Aug-10,ARV,Pediatric,Aurobindo Pharma Limited,"Lamivudine 10mg/ml, oral solution w/syringe, Bottle, 240 ml",Lamivudine,Generic,10mg/ml,Oral solution,240,3184,9552.0,3.0,0.01,"Aurobindo Unit III, India",Yes,1205,3283.62,20.59
78244,116-ZA-T30,FPQ-11828,SCMS-183950,ASN-19166,South Africa,South Africa Field Office,Direct Drop,DDP,Truck,3/18/2013,Date Not Captured,16-Apr-13,16-Apr-13,16-Apr-13,ARV,Adult,S. BUYS WHOLESALER,"Stavudine 30mg, capsules, 60 Caps",Stavudine,Generic,30mg,Capsule,60,337,1357.12,4.03,0.07,"Aurobindo Unit III, India",No,Weight Captured Separately,Freight Included in Commodity Cost,1.68
82343,109-TZ-T30,FPQ-5436,SO-36620,DN-1954,Tanzania,PMO - US,From RDC,N/A - From RDC,Air,4/1/2010,N/A - From RDC,31-Aug-10,23-Aug-10,23-Aug-10,ARV,Adult,SCMS from RDC,"Abacavir 300mg, tablets, 60 Tabs",Abacavir,Generic,300mg,Tablet,60,23340,383709.6,16.44,0.27,Mylan (formerly Matrix) Nashik,Yes,2344,1647.25,827.28
51268,133-NG-T30,FPQ-10765,SCMS-162440,ASN-17646,Nigeria,PMO - US,Direct Drop,EXW,Air,10/5/2012,10/16/2012,9-Jan-13,17-Jan-13,17-Jan-13,HRDT,HIV test,"Orgenics, Ltd","HIV 1/2, Determine Complete HIV Kit, 100 Tests","HIV 1/2, Determine Complete HIV Kit",Determine,,Test kit,100,2744,244216.0,89.0,0.89,"Alere Medical Co., Ltd.",Yes,1235,25577.15,342.39
44922,106-HT-T30,FPQ-9894,SCMS-147600,ASN-15679,Haiti,PMO - US,Direct Drop,DDP,Truck,5/22/2012,6/5/2012,28-Jun-12,5-Jul-12,5-Jul-12,HRDT,HIV test,REINBOLD EXPORT IMPORT,"HIV 1/2, Determine Complete HIV Kit, 100 Tests","HIV 1/2, Determine Complete HIV Kit",Determine,,Test kit,100,1250,160937.5,128.75,1.29,"Alere Medical Co., Ltd.",Yes,Weight Captured Separately,Freight Included in Commodity Cost,225.63
76505,106-HT-T30,FPQ-13797,SCMS-234000,ASN-26977,Haiti,PMO - US,Direct Drop,EXW,Ocean,3/20/2014,4/28/2014,20-Oct-14,20-Oct-14,24-Oct-14,ARV,Adult,MICRO LABS LIMITED,"Efavirenz 600mg, tablets, 30 Tabs",Efavirenz,Generic,600mg,Tablet,30,3260,9714.8,2.98,0.1,"Micro labs, Verna, Goa, India",Yes,Weight Captured Separately,Invoiced Separately,9.99
30514,116-ZA-T30,FPQ-11828,SCMS-183950,ASN-19166,South Africa,South Africa Field Office,Direct Drop,DDP,Truck,3/18/2013,Date Not Captured,16-Apr-13,16-Apr-13,16-Apr-13,ARV,Adult,S. BUYS WHOLESALER,"Abacavir 300mg, tablets, 60 Tabs",Abacavir,Generic,300mg,Tablet,60,45,1175.15,26.11,0.44,"Cipla, Patalganga, India",No,Weight Captured Separately,Freight Included in Commodity Cost,1.45
10630,110-ZM-T01,Pre-PQ Process,SO-1121,DN-418,Zambia,PMO - US,From RDC,N/A - From RDC,Air,Pre-PQ Process,N/A - From RDC,13-Nov-07,13-Nov-07,13-Nov-07,ARV,Adult,SCMS from RDC,"Emtricitabine/Tenofovir Disoproxil Fumarate 200/300mg [Truvada], tablets, 30 Tabs",Emtricitabine/Tenofovir Disoproxil Fumarate,Truvada,300/200mg,Tablet - FDC,30,3360,88200.0,26.25,0.88,Gilead(Nycomed) Oranienburg DE,Yes,281,1532.41,141.12
12372,109-TZ-T01,Pre-PQ Process,SO-441,DN-246,Tanzania,PMO - US,From RDC,N/A - From RDC,Air,Pre-PQ Process,N/A - From RDC,13-Aug-07,13-Aug-07,13-Aug-07,ARV,Adult,SCMS from RDC,"Abacavir 300mg, tablets, 60 Tabs",Abacavir,Generic,300mg,Tablet,60,4776,170980.8,35.8,0.6,"Aurobindo Unit III, India",No,See DN-246 (ID#:11138),See DN-246 (ID#:11138),273.57
84119,110-ZM-T30,FPQ-7085,SO-38743,DN-2396,Zambia,PMO - US,From RDC,N/A - From RDC,Truck,2/3/2011,N/A - From RDC,10-Dec-11,9-Dec-11,9-Dec-11,ARV,Adult,SCMS from RDC,"Nevirapine 200mg, tablets, 60 Tabs",Nevirapine,Generic,200mg,Tablet,60,108,271.08,2.51,0.04,Hetero Unit III Hyderabad IN,No,See DN-2396 (ID#:84117),See DN-2396 (ID#:84117),0.45
9499,107-RW-T01,Pre-PQ Process,SCMS-14730,ASN-1067,Rwanda,PMO - US,Direct Drop,CIP,Air,Pre-PQ Process,12/3/2007,3-Jan-08,3-Jan-08,3-Jan-08,ARV,Adult,Aurobindo Pharma Limited,"Efavirenz 600mg, tablets, 30 Tabs",Efavirenz,Generic,600mg,Tablet,30,48259,567043.25,11.75,0.39,"Aurobindo Unit III, India",Yes,4143,19088.86,907.27
84087,117-ET-T30,FPQ-7001,SO-38420,DN-2199,Ethiopia,PMO - US,From RDC,N/A - From RDC,Air,1/6/2011,N/A - From RDC,31-May-11,30-May-11,30-May-11,ARV,Adult,SCMS from RDC,"Tenofovir Disoproxil Fumarate 300mg, tablets, 30 Tabs",Tenofovir Disoproxil Fumarate,Generic,300mg,Tablet,30,10000,65700.0,6.57,0.22,Mylan (formerly Matrix) Nashik,Yes,716,2976.29,108.4
2440,116-ZA-T01,Pre-PQ Process,SCMS-41190,ASN-3732,South Africa,PMO - US,Direct Drop,DDP,Air,Pre-PQ Process,Date Not Captured,30-Mar-09,21-Jan-09,21-Jan-09,ARV,Adult,S. BUYS WHOLESALER,"Nevirapine 200mg [Viramune], tablets, 60 Tabs",Nevirapine,Viramune,200mg,Tablet,60,260,4035.2,15.52,0.26,"Boehringer Ing., Koropi, GR",No,Weight Captured Separately,Freight Included in Commodity Cost,7.91
11339,104-CI-T01,Pre-PQ Process,SO-32250,DN-1335,Côte d'Ivoire,PMO - US,From RDC,N/A - From RDC,Air,Date Not Captured,N/A - From RDC,16-Jul-09,16-Jul-09,16-Jul-09,ARV,Adult,SCMS from RDC,"Stavudine 15mg, capsules, 60 Caps",Stavudine,Generic,15mg,Capsule,60,296,444.0,1.5,0.02,"Aurobindo Unit III, India",No,See DN-1335 (ID#:11338),See DN-1335 (ID#:11338),0.87
26612,108-VN-T30,FPQ-13524,SCMS-226260,ASN-26927,Vietnam,PMO - US,Direct Drop,EXW,Air,2/6/2014,3/10/2014,13-Aug-14,13-Aug-14,25-Aug-14,ARV,Adult,HETERO LABS LIMITED,"Lamivudine 150mg, tablets, 60 Tabs",Lamivudine,Generic,150mg,Tablet,60,18600,34410.0,1.85,0.03,Hetero Unit III Hyderabad IN,Yes,2175,4354.8,35.37
12234,110-ZM-T01,Pre-PQ Process,SO-2480,DN-855,Zambia,PMO - US,From RDC,N/A - From RDC,Truck,Pre-PQ Process,N/A - From RDC,20-Aug-08,20-Aug-08,20-Aug-08,ARV,Adult,SCMS from RDC,"Efavirenz 600mg, tablets, 30 Tabs",Efavirenz,Generic,600mg,Tablet,30,50000,600500.0,12.01,0.4,Mylan (formerly Matrix) Nashik,Yes,3841,3558.49,960.8
9694,116-ZA-T01,Pre-PQ Process,SCMS-21460,ASN-1667,South Africa,PMO - US,Direct Drop,DDP,,Pre-PQ Process,4/4/2008,25-Apr-08,7-Apr-08,7-Apr-08,ARV,Adult,S. BUYS WHOLESALER,"Didanosine EC 400mg [Videx EC], delayed-release capsules, Blister 3 x 10 Caps",Didanosine EC,Videx EC,400mg,Delayed-release capsules - blister,30,100,2386.0,23.86,0.8,"BMS Meymac, France",No,Weight Captured Separately,Freight Included in Commodity Cost,3.82
86737,104-CI-T30,FPQ-14064,SO-48750,DN-3982,Côte d'Ivoire,PMO - US,From RDC,N/A - From RDC,Truck,4/9/2014,N/A - From RDC,31-Oct-14,24-Oct-14,6-Nov-14,ARV,Adult,SCMS from RDC,"Abacavir/Lamivudine 600/300mg, tablets, 30 Tabs",Abacavir/Lamivudine,Generic,600/300mg,Tablet - FDC,30,2400,32376.0,13.49,0.45,Mylan (formerly Matrix) Nashik,Yes,213,1422.54,33.28
83925,110-ZM-T30,FPQ-14784,SO-49610,DN-4328,Zambia,PMO - US,From RDC,N/A - From RDC,Truck,8/12/2014,N/A - From RDC,17-Aug-15,25-Aug-15,3-Sep-15,ARV,Adult,SCMS from RDC,"Abacavir 300mg, tablets, 60 Tabs",Abacavir,Generic,300mg,Tablet,60,19099,211807.91,11.09,0.18,"Aurobindo Unit III, India",Yes,9459,Freight Included in Commodity Cost,217.74
12604,111-MZ-T01,Pre-PQ Process,SO-32530,DN-1380,Mozambique,PMO - US,From RDC,N/A - From RDC,Truck,Date Not Captured,N/A - From RDC,17-Sep-09,17-Sep-09,17-Sep-09,ARV,Adult,SCMS from RDC,"Lamivudine/Nevirapine/Stavudine 150/200/30mg, tablets, 60 Tabs",Lamivudine/Nevirapine/Stavudine,Generic,150/200/30mg,Tablet - FDC,60,42000,299040.0,7.12,0.12,"Strides, Bangalore, India.",No,See DN-1380 (ID#:12000),See DN-1380 (ID#:12000),586.12
85953,111-MZ-T30,FPQ-10211,SO-42862,DN-3086,Mozambique,PMO - US,From RDC,N/A - From RDC,Truck,6/28/2012,N/A - From RDC,19-Apr-13,19-Apr-13,19-Apr-13,ARV,Adult,SCMS from RDC,"Efavirenz/Lamivudine/Tenofovir Disoproxil Fumarate 600/300/300mg, tablets, 30 Tabs",Efavirenz/Lamivudine/Tenofovir Disoproxil Fumarate,Generic,600/300/300mg,Tablet - FDC,30,22000,266420.0,12.11,0.4,Mylan (formerly Matrix) Nashik,Yes,2503,4120.69,373.52
3359,116-ZA-T01,Pre-PQ Process,SCMS-28830,ASN-2502,South Africa,PMO - US,Direct Drop,DDP,Truck,Pre-PQ Process,Date Not Captured,25-Aug-08,18-Aug-08,18-Aug-08,ARV,Adult,S. BUYS WHOLESALER,"Abacavir 300mg [Ziagen], tablets, Blister 6 x 10 Tabs",Abacavir,Ziagen,300mg,Tablet - blister,60,40,1337.2,33.43,0.56,GSK Ware (UK),No,Weight Captured Separately,Freight Included in Commodity Cost,2.14
25141,116-ZA-T30,FPQ-14942,SCMS-295800,ASN-33865,South Africa,PMO - US,Direct Drop,DDP,Truck,9/11/2014,8/24/2015,24-Aug-15,24-Aug-15,24-Aug-15,ARV,Pediatric,PHARMACY DIRECT,"Abacavir 20mg/ml, oral solution, Bottle, 240 ml",Abacavir,Generic,20mg/ml,Oral solution,240,17,322.98,19.0,0.08,"Aurobindo Unit III, India",No,Weight Captured Separately,Freight Included in Commodity Cost,0.33
85204,100-ZW-T30,FPQ-7559,SO-39541,DN-2383,Zimbabwe,PMO - US,From RDC,N/A - From RDC,Truck,4/29/2011,N/A - From RDC,27-Oct-11,21-Oct-11,21-Oct-11,ARV,Pediatric,SCMS from RDC,"Abacavir 20mg/ml, oral solution, Bottle, 240 ml",Abacavir,Generic,20mg/ml,Oral solution,240,808,10100.0,12.5,0.05,"Aurobindo Unit III, India",Yes,298,1360.32,16.66
10929,117-ET-T01,Pre-PQ Process,SO-1525,DN-530,Ethiopia,PMO - US,From RDC,N/A - From RDC,Air,Pre-PQ Process,N/A - From RDC,17-Dec-07,17-Dec-07,17-Dec-07,ARV,Pediatric,SCMS from RDC,"Efavirenz 200mg [Stocrin/Sustiva], capsule, 90 Caps",Efavirenz,Stocrin/Sustiva,200mg,Capsule,90,1692,27072.0,16.0,0.18,"MSD Manati, Puerto Rico, (USA)",Yes,182,1722,43.32
84806,105-GY-T30,FPQ-11546,SO-44500,DN-3099,Guyana,PMO - US,From RDC,N/A - From RDC,Air,1/28/2013,N/A - From RDC,18-Apr-13,19-Apr-13,19-Apr-13,ARV,Pediatric,SCMS from RDC,"Nevirapine 10mg/ml, oral suspension w/syringe, Bottle, 240 ml",Nevirapine,Generic,10mg/ml,Oral suspension,240,583,1136.85,1.95,0.01,"Aurobindo Unit III, India",No,See DN-3099 (ID#:82566),See DN-3099 (ID#:82566),1.41
63907,202-GT-T30,FPQ-6944,SCMS-98040,ASN-12152,Guatemala,PMO - US,Direct Drop,DDU,Air,1/17/2011,1/25/2011,12-Sep-11,12-Sep-11,12-Sep-11,ARV,Pediatric,IDIS LIMITED,"Didanosine 25mg [Videx], chewable tablets, 60 Tabs",Didanosine,Videx,25mg,Chewable/dispersible tablet,60,150,6843.0,45.62,0.76,"BMS Meymac, France",No,Weight Captured Separately,Freight Included in Commodity Cost,11.29
4534,110-ZM-T01,Pre-PQ Process,SCMS-25700,ASN-2797,Zambia,PMO - US,Direct Drop,EXW,Air,Pre-PQ Process,6/20/2008,18-Nov-08,18-Nov-08,18-Nov-08,HRDT,HIV test,"Trinity Biotech, Plc","HIV 1/2, Uni-Gold HIV Kit, 20 Tests","HIV 1/2, Uni-Gold HIV Kit",Uni-Gold,,Test kit,20,5900,188800.0,32.0,1.6,"Trinity Biotech, Plc",Yes,1989,19569.48,370.05
86533,104-CI-T30,FPQ-9749,SO-42373,DN-2954,Côte d'Ivoire,PMO - US,From RDC,N/A - From RDC,Truck,4/19/2012,N/A - From RDC,31-Dec-12,6-Dec-12,6-Dec-12,ARV,Adult,SCMS from RDC,"Efavirenz/Lamivudine/Tenofovir Disoproxil Fumarate 600/300/300mg, tablets, 30 Tabs",Efavirenz/Lamivudine/Tenofovir Disoproxil Fumarate,Generic,600/300/300mg,Tablet - FDC,30,25644,340295.88,13.27,0.44,Mylan (formerly Matrix) Nashik,No,See DN-2954 (ID#:82534),See DN-2954 (ID#:82534),477.09
9752,116-ZA-T01,Pre-PQ Process,SCMS-23500,ASN-2300,South Africa,PMO - US,Direct Drop,DDP,Truck,Pre-PQ Process,Date Not Captured,20-Aug-08,14-May-08,14-May-08,ARV,Adult,S. BUYS WHOLESALER,"Emtricitabine/Tenofovir Disoproxil Fumarate 200/300mg [Truvada], tablets, 30 Tabs",Emtricitabine/Tenofovir Disoproxil Fumarate,Truvada,300/200mg,Tablet - FDC,30,20,765.0,38.25,1.27,Gilead(Nycomed) Oranienburg DE,No,Weight Captured Separately,Freight Included in Commodity Cost,1.22
10062,108-VN-T01,Pre-PQ Process,SCMS-31730,ASN-3313,Vietnam,PMO - US,Direct Drop,EXW,Air,Pre-PQ Process,10/21/2008,23-Feb-09,23-Feb-09,23-Feb-09,ARV,Adult,Aurobindo Pharma Limited,"Lamivudine 150mg, tablets, 60 Tabs",Lamivudine,Generic,150mg,Tablet,60,6966,16718.4,2.4,0.04,"Aurobindo Unit III, India",No,See ASN-3313 (ID#:3456),See ASN-3313 (ID#:3456),32.77
83573,151-NG-T30,FPQ-8952,SO-41263,DN-2564,Nigeria,PMO - US,From RDC,N/A - From RDC,Air Charter,12/8/2011,N/A - From RDC,20-Jun-12,16-Feb-12,16-Feb-12,ARV,Adult,SCMS from RDC,"Lamivudine/Zidovudine 150/300mg, tablets, 60 Tabs",Lamivudine/Zidovudine,Generic,150/300mg,Tablet - FDC,60,15653,129293.78,8.26,0.14,"Cipla, Goa, India",No,See DN-2564 (ID#:83572),See DN-2564 (ID#:83572),181.27
56022,116-ZA-T30,FPQ-13973,SCMS-238554,ASN-28627,South Africa,PMO - US,Direct Drop,DDP,Truck,4/30/2014,10/3/2014,3-Oct-14,3-Oct-14,3-Oct-14,ARV,Adult,PHARMACY DIRECT,"Zidovudine 300mg, tablets, 60 Tabs",Zidovudine,Generic,300mg,Tablet,60,5,124.77,24.95,0.42,"Aurobindo Unit III, India",No,Weight Captured Separately,Freight Included in Commodity Cost,0.13
47302,105-GY-T30,FPQ-11562,SCMS-180000,ASN-18805,Guyana,PMO - US,Direct Drop,EXW,Air,2/7/2013,3/6/2013,18-Apr-13,18-Apr-13,18-Apr-13,ARV,Pediatric,Aurobindo Pharma Limited,"Zidovudine 100mg, capsules, 100 Caps",Zidovudine,Generic,100mg,Capsule,100,218,1002.8,4.6,0.05,"Aurobindo Unit III, India",No,See ASN-18805 (ID#:18997),See ASN-18805 (ID#:18997),1.24
8909,144-BW-T01,Pre-PQ Process,SCMS-38050,ASN-3424,Botswana,PMO - US,Direct Drop,EXW,Air,Pre-PQ Process,2/6/2009,3-Mar-09,3-Mar-09,3-Mar-09,HRDT,HIV test,Orasure Technologies Inc.,"HIV 1/2, OraQuick Advance HIV Rapid Antibody Kit, 100 Tests","HIV 1/2, OraQuick Advance HIV Rapid Antibody Kit",OraQuick,,Test kit,100,5,1750.0,350.0,3.5,"Pacific Biotech, Thailand",Yes,12,810.85,3.43
80710,114-UG-T30,FPQ-11371,SCMS-173110,ASN-18722,Uganda,PMO - US,Direct Drop,EXW,Air,1/3/2013,1/11/2013,29-Apr-13,29-Apr-13,29-Apr-13,HRDT,HIV test - Ancillary,"Orgenics, Ltd","HIV, Lancet, Safety, for HIV Test kits, 100 Pcs","HIV, Lancet, Safety, for HIV Test kits, 100 Pcs",Generic,,Test kit - Ancillary,100,1000,5000.0,5.0,0.05,INVERNESS ANY,No,See ASN-18722 (ID#:71773),See ASN-18722 (ID#:71773),6.18
58425,116-ZA-T30,FPQ-3560,SCMS-49642,ASN-5244,South Africa,PMO - US,Direct Drop,DDP,Truck,5/7/2009,7/21/2009,19-Nov-09,19-Nov-09,19-Nov-09,ARV,Pediatric,S. BUYS WHOLESALER,"Abacavir 20mg/ml [Ziagen], oral solution, Bottle, 240 ml",Abacavir,Ziagen,20mg/ml,Oral solution,240,1,19.97,19.97,0.08,GSK Mississauga (Canada),Yes,Weight Captured Separately,Freight Included in Commodity Cost,0.04
71241,103-CM-T30,FPQ-12659,SCMS-201930,ASN-21679,Cameroon,PMO - US,Direct Drop,EXW,Air,7/26/2013,8/6/2013,10-Oct-13,10-Oct-13,18-Oct-13,HRDT,HIV test - Ancillary,"Orgenics, Ltd","Chase Buffer, Determine, 100 Tests, 2.5ml x 1 Vial","Chase Buffer, Determine, 100 Tests, 2.5ml x 1 Vial",Determine,,Test kit - Ancillary,1,50,250.0,5.0,5.0,"Alere Medical Co., Ltd.",No,See ASN-21679 (ID#:13900),See ASN-21679 (ID#:13900),0.31
37960,103-ZW-T30,FPQ-9905,SCMS-148300,ASN-17258,Zimbabwe,PMO - US,Direct Drop,FCA,Air,5/29/2012,7/18/2012,13-Dec-12,13-Dec-12,13-Dec-12,ARV,Pediatric,ABBVIE LOGISTICS (FORMERLY ABBOTT LOGISTICS BV),"Lopinavir/Ritonavir 80/20mg/ml [Kaletra], oral solution, cool, Bottle 5 x 60 ml",Lopinavir/Ritonavir,Kaletra,80/20mg/ml,Oral solution,300,1500,46230.0,30.82,0.1,ABBVIE (Abbott) Logis. UK,Yes,1374,21730.49,64.81
20266,114-UG-T30,FPQ-9365,SCMS-142320,ASN-15425,Uganda,PMO - US,Direct Drop,DDP,Air,3/15/2012,4/17/2012,5-Jul-12,5-Jul-12,5-Jul-12,ARV,Adult,ASPEN PHARMACARE,"Etravirine 100mg [Intelence], tablets, 120 Tabs",Etravirine,Intelence,100mg,Tablet,120,150,11250.0,75.0,0.62,"Janssen-Cilag, Latina, IT",Yes,49,475,15.77
10356,116-ZA-T01,Pre-PQ Process,SCMS-41230,ASN-3758,South Africa,PMO - US,Direct Drop,DDP,Air,Pre-PQ Process,Date Not Captured,1-Apr-09,11-Feb-09,11-Feb-09,ARV,Adult,S. BUYS WHOLESALER,"Stavudine 20mg [Zerit], capsules, 60 Caps",Stavudine,Zerit,20mg,Capsule,60,300,1212.0,4.04,0.07,"BMS Meymac, France",No,Weight Captured Separately,Freight Included in Commodity Cost,2.38
84248,110-ZM-T30,FPQ-11969,SO-44910,DN-3116,Zambia,PMO - US,From RDC,N/A - From RDC,Air,3/26/2013,N/A - From RDC,28-Jun-13,13-May-13,13-May-13,ARV,Adult,SCMS from RDC,"Emtricitabine/Tenofovir Disoproxil Fumarate 200/300mg, tablets, 30 Tabs",Emtricitabine/Tenofovir Disoproxil Fumarate,Generic,200/300mg,Tablet - FDC,30,69811,423752.77,6.07,0.2,Mylan (formerly Matrix) Nashik,Yes,7632,50626.6,524.18
12133,119-NA-T01,Pre-PQ Process,SO-1452,DN-491,Namibia,PMO - US,From RDC,N/A - From RDC,Air,Pre-PQ Process,N/A - From RDC,30-Nov-07,30-Nov-07,30-Nov-07,HRDT,HIV test,SCMS from RDC,"HIV 1/2, Clearview Complete Kit, 25 Tests","HIV 1/2, Clearview Complete Kit",Clearview,,Test kit,25,200,15000.0,75.0,3.0,Inverness USA,Yes,122,1100.4,24.0
83704,114-UG-T30,FPQ-12253,SO-45470,DN-3256,Uganda,PMO - US,From RDC,N/A - From RDC,Air,5/8/2013,N/A - From RDC,6-Aug-13,20-Aug-13,20-Aug-13,ARV,Adult,SCMS from RDC,"Efavirenz 600mg, tablets, 30 Tabs",Efavirenz,Generic,600mg,Tablet,30,96480,321278.4,3.33,0.11,"Aurobindo Unit III, India",No,See DN-3256 (ID#:83149),See DN-3256 (ID#:83149),397.42
82589,901-CM-T30,FPQ-12520,SO-45820,DN-3227,Cameroon,PMO - US,From RDC,N/A - From RDC,Air Charter,6/21/2013,N/A - From RDC,22-Jul-13,31-Jul-13,31-Jul-13,ARV,Adult,SCMS from RDC,"Lamivudine/Zidovudine 150/300mg, tablets, 60 Tabs",Lamivudine/Zidovudine,Generic,150/300mg,Tablet - FDC,60,6246,43722.0,7.0,0.12,"Aurobindo Unit III, India",Yes,18808,123945,54.08
52341,105-DO-T30,FPQ-11295,SCMS-172491,ASN-20972,Dominican Republic,PMO - US,Direct Drop,EXW,Air,12/17/2012,1/11/2013,10-Aug-13,10-Aug-13,10-Aug-13,HRDT,HIV test,"Trinity Biotech, Plc","HIV 1/2, Uni-Gold HIV Kit, 20 Tests","HIV 1/2, Uni-Gold HIV Kit",Uni-Gold,,Test kit,20,412,13184.0,32.0,1.6,"Trinity Biotech, Plc",Yes,123,1375.8,16.31
84304,109-TZ-T30,FPQ-13042,SO-46680,DN-3401,Tanzania,PMO - US,From RDC,N/A - From RDC,Truck,10/1/2013,N/A - From RDC,26-Dec-13,16-Dec-13,17-Jan-14,ARV,Adult,SCMS from RDC,"Nevirapine 200mg, tablets, 60 Tabs",Nevirapine,Generic,200mg,Tablet,60,59498,134465.48,2.26,0.04,"Aurobindo Unit III, India",No,See DN-3401 (ID#:83180),See DN-3401 (ID#:83180),166.33
28190,161-ZA-T30,FPQ-7175,SCMS-103350,ASN-11471,South Africa,PMO - US,Direct Drop,DDP,Ocean,3/10/2011,3/24/2011,5-Sep-11,5-Sep-11,5-Sep-11,ARV,Adult,Aurobindo Pharma Limited,"Zidovudine 300mg, tablets, 60 Tabs",Zidovudine,Generic,300mg,Tablet,60,100000,730000.0,7.3,0.12,"Aurobindo Unit III, India",Yes,5177,10405.58,1204.5
35699,901-CM-T30,FPQ-12837,SCMS-204320,ASN-22654,Cameroon,PMO - US,Direct Drop,EXW,Air,8/19/2013,8/23/2013,16-Dec-13,16-Dec-13,17-Dec-13,ARV,Adult,MYLAN LABORATORIES LTD (FORMERLY MATRIX LABORATORIES),"Efavirenz/Lamivudine/Tenofovir Disoproxil Fumarate 600/300/300mg, tablets, 30 Tabs",Efavirenz/Lamivudine/Tenofovir Disoproxil Fumarate,Generic,600/300/300mg,Tablet - FDC,30,76733,855572.95,11.15,0.37,Mylan (formerly Matrix) Nashik,Yes,9268,77756.12,1058.34
11369,100-CI-T01,Pre-PQ Process,SO-373,DN-30,Côte d'Ivoire,PMO - US,From RDC,N/A - From RDC,,Pre-PQ Process,N/A - From RDC,15-Mar-07,15-Mar-07,15-Mar-07,ARV,Adult,SCMS from RDC,"Abacavir 300mg, tablets, 60 Tabs",Abacavir,Generic,300mg,Tablet,60,33,1453.65,44.05,0.73,"Aurobindo Unit III, India",No,See DN-30 (ID#:11091),See DN-30 (ID#:11091),
65436,116-ZA-T30,FPQ-11828,SCMS-183950,ASN-19166,South Africa,South Africa Field Office,Direct Drop,DDP,Truck,3/18/2013,Date Not Captured,16-Apr-13,16-Apr-13,16-Apr-13,ARV,Pediatric,S. BUYS WHOLESALER,"Lopinavir/Ritonavir 100/25mg [Aluvia], tablets, 60 Tabs",Lopinavir/Ritonavir,Generic,100/25mg,Tablet,60,45,281.2,6.25,0.1,ABBVIE Ludwigshafen Germany,No,Weight Captured Separately,Freight Included in Commodity Cost,0.35
86580,110-ZM-T30,FPQ-11553,SO-44477,DN-3211,Zambia,PMO - US,From RDC,N/A - From RDC,Truck,1/28/2013,N/A - From RDC,22-Oct-13,22-Oct-13,11-Nov-13,ARV,Adult,SCMS from RDC,"Nevirapine 200mg, tablets, 60 Tabs",Nevirapine,Generic,200mg,Tablet,60,42773,96666.98,2.26,0.04,Hetero Unit III Hyderabad IN,Yes,2270,4356.75,119.58
74273,116-ZA-T30,FPQ-14942,SCMS-259076,ASN-32524,South Africa,PMO - US,Direct Drop,DDP,Truck,9/11/2014,6/2/2015,2-Jun-15,2-Jun-15,2-Jun-15,ARV,Adult,PHARMACY DIRECT,"Nevirapine 200mg, tablets, 60 Tabs",Nevirapine,Generic,200mg,Tablet,60,19,243.66,12.82,0.21,"Aurobindo Unit III, India",No,Weight Captured Separately,Freight Included in Commodity Cost,0.25
81808,106-HT-T30,FPQ-14083,SCMS-240130,ASN-28761,Haiti,PMO - US,Direct Drop,EXW,Ocean,5/11/2014,6/2/2014,9-Jan-15,9-Jan-15,12-Jan-15,ARV,Adult,MICRO LABS LIMITED,"Nevirapine 200mg, tablets, 60 Tabs",Nevirapine,Generic,200mg,Tablet,60,45750,95160.0,2.08,0.03,"Micro labs, Verna, Goa, India",No,See ASN-28761 (ID#:38632),See ASN-28761 (ID#:38632),97.82
54781,151-NG-T30,FPQ-16312,SCMS-287720,ASN-32933,Nigeria,PMO - US,Direct Drop,FCA,Air,5/4/2015,5/7/2015,7-Jul-15,7-Jul-15,7-Jul-15,ARV,Pediatric,ABBVIE LOGISTICS (FORMERLY ABBOTT LOGISTICS BV),"Lopinavir/Ritonavir 100/25mg [Aluvia], tablets, 60 Tabs",Lopinavir/Ritonavir,Generic,100/25mg,Tablet,60,2890,17166.6,5.94,0.1,ABBVIE Ludwigshafen Germany,Yes,Weight Captured Separately,Invoiced Separately,20.21
10894,112-NG-T01,Pre-PQ Process,SO-565,DN-373,Nigeria,PMO - US,From RDC,N/A - From RDC,Air,Pre-PQ Process,N/A - From RDC,20-Sep-07,20-Sep-07,20-Sep-07,ARV,Adult,SCMS from RDC,"Nevirapine 200mg, tablets, 60 Tabs",Nevirapine,Generic,200mg,Tablet,60,600,2142.0,3.57,0.06,"Aurobindo Unit III, India",No,See DN-373 (ID#:10623),See DN-373 (ID#:10623),3.43
85685,151-NG-T30,FPQ-5023,SO-36491,DN-1910,Nigeria,PMO - US,From RDC,N/A - From RDC,Air,2/10/2010,N/A - From RDC,15-Jul-10,28-Jun-10,28-Jun-10,ARV,Adult,SCMS from RDC,"Lamivudine 150mg, tablets, 60 Tabs",Lamivudine,Generic,150mg,Tablet,60,6000,14640.0,2.44,0.04,"Aurobindo Unit III, India",Yes,285,Freight Included in Commodity Cost,31.56
42359,104-CI-T30,FPQ-4698,SCMS-62971,ASN-10264,Côte d'Ivoire,PMO - US,Direct Drop,FCA,Air,12/28/2009,1/15/2010,12-Apr-11,12-Apr-11,12-Apr-11,ARV,Adult,ABBVIE LOGISTICS (FORMERLY ABBOTT LOGISTICS BV),"Ritonavir 100mg [Norvir], film coated tablets, 60 Tabs",Ritonavir,Norvir,100mg,Tablet,60,2706,18536.1,6.85,0.11,ABBVIE Ludwigshafen Germany,Yes,346,9539.6,39.96
84097,100-GH-T30,FPQ-7799,SO-39960,DN-2258,Ghana,PMO - US,From RDC,N/A - From RDC,Air,6/6/2011,N/A - From RDC,4-Jul-11,20-Jul-11,20-Jul-11,ARV,Adult,SCMS from RDC,"Nevirapine 200mg, tablets, 60 Tabs",Nevirapine,Generic,200mg,Tablet,60,38040,95480.4,2.51,0.04,"Strides, Bangalore, India.",Yes,2269,226.25,157.54
61864,104-CI-T30,FPQ-5208,SCMS-75371,ASN-7630,Côte d'Ivoire,PMO - US,Direct Drop,EXW,Air,2/25/2010,6/7/2010,17-Aug-10,17-Aug-10,17-Aug-10,HRDT,HIV test,"Standard Diagnostics, Inc.","HIV 1/2, Bioline 3.0 Kit, (no accessories), 30 Tests","HIV 1/2, Bioline 3.0 Kit (no accessories)",Bioline,,Test kit,30,900,21600.0,24.0,0.8,"Standard Diagnostics, Korea",Yes,300,3489.46,46.57
1693,108-VN-T01,Pre-PQ Process,SCMS-20340,ASN-1754,Vietnam,PMO - US,Direct Drop,EXW,Air,Pre-PQ Process,3/31/2008,1-Jun-08,1-Jun-08,1-Jun-08,ARV,Adult,MYLAN LABORATORIES LTD (FORMERLY MATRIX LABORATORIES),"Efavirenz 600mg, tablets, 30 Tabs",Efavirenz,Generic,600mg,Tablet,30,6720,77145.6,11.48,0.38,Mylan (formerly Matrix) Nashik,Yes,522,3796.05,123.43
12312,114-UG-T01,Pre-PQ Process,SO-32950,DN-1399,Uganda,PMO - US,From RDC,N/A - From RDC,Air,Date Not Captured,N/A - From RDC,28-Aug-09,28-Aug-09,28-Aug-09,ARV,Adult,SCMS from RDC,"Lamivudine/Nevirapine/Zidovudine 150/200/300mg, tablets, 60 Tabs",Lamivudine/Nevirapine/Zidovudine,Generic,150/300/200mg,Tablet - FDC,60,34000,385900.0,11.35,0.19,"Aurobindo Unit III, India",No,See DN-1399 (ID#:12311),See DN-1399 (ID#:12311),756.36
86296,111-MZ-T30,FPQ-4711,SO-35750,DN-1795,Mozambique,PMO - US,From RDC,N/A - From RDC,Truck,12/23/2009,N/A - From RDC,21-Jun-10,14-Jun-10,14-Jun-10,ARV,Adult,SCMS from RDC,"Lamivudine/Stavudine 150/30mg, tablets, 60 Tabs",Lamivudine/Stavudine,Generic,150/30mg,Tablet - FDC,60,8670,29478.0,3.4,0.06,"Cipla, Goa, India",No,See DN-1795 (ID#:82315),See DN-1795 (ID#:82315),63.55
56107,108-VN-T30,FPQ-13976,SCMS-236110,ASN-28248,Vietnam,PMO - US,Direct Drop,EXW,Air,4/8/2014,4/30/2014,3-Nov-14,3-Nov-14,3-Nov-14,ARV,Adult,MYLAN LABORATORIES LTD (FORMERLY MATRIX LABORATORIES),"Lamivudine/Zidovudine 150/300mg, tablets, 60 Tabs",Lamivudine/Zidovudine,Generic,150/300mg,Tablet - FDC,60,16185,105040.65,6.49,0.11,Mylan (formerly Matrix) Nashik,No,See ASN-28248 (ID#:48994),See ASN-28248 (ID#:48994),107.98
73726,106-HT-T30,FPQ-11442,SCMS-177180,ASN-18919,Haiti,PMO - US,Direct Drop,EXW,Ocean,1/30/2013,3/11/2013,7-Aug-13,7-Aug-13,7-Aug-13,ARV,Pediatric,Aurobindo Pharma Limited,"Zidovudine 10mg/ml, oral solution w/syringe, Bottle, 240 ml",Zidovudine,Generic,10mg/ml,Oral solution,240,1999,4197.9,2.1,0.01,"Aurobindo Unit III, India",No,See ASN-18919 (ID#:14578),See ASN-18919 (ID#:14578),5.19
39724,161-ZA-T30,FPQ-6262,SCMS-83790,ASN-9195,South Africa,PMO - US,Direct Drop,DDP,Ocean,8/31/2010,9/24/2010,31-Dec-10,1-Feb-11,1-Feb-11,ARV,Pediatric,Aurobindo Pharma Limited,"Efavirenz 50mg, capsule, 30 Caps",Efavirenz,Generic,50mg,Capsule,30,32080,76671.2,2.39,0.08,"Aurobindo Unit III, India",Yes,2666,21695.97,165.3
83594,104-CI-T30,FPQ-9261,SO-41470,DN-2699,Côte d'Ivoire,PMO - US,From RDC,N/A - From RDC,Air Charter,1/30/2012,N/A - From RDC,2-Jul-12,15-Jun-12,15-Jun-12,ARV,Adult,SCMS from RDC,"Abacavir/Lamivudine 600/300mg, scored tablets, 30 Tabs",Abacavir/Lamivudine,Generic,600/300mg,Tablet - FDC,30,2340,52650.0,22.5,0.75,Mylan (formerly Matrix) Nashik,Yes,263,2330.21,73.82
82803,151-NG-T30,FPQ-14156,SO-48900,DN-4258,Nigeria,PMO - US,From RDC,N/A - From RDC,Air Charter,4/25/2014,N/A - From RDC,29-May-15,13-May-15,21-May-15,ARV,Adult,SCMS from RDC,"Lamivudine/Tenofovir Disoproxil Fumarate 300/300mg, tablets, 30 Tabs",Lamivudine/Tenofovir Disoproxil Fumarate,Generic,300/300mg,Tablet - FDC,30,43272,198618.48,4.59,0.15,Hetero Unit III Hyderabad IN,Yes,4285,34216.25,204.18
10919,104-CI-T01,Pre-PQ Process,SO-971,DN-421,Côte d'Ivoire,PMO - US,From RDC,N/A - From RDC,Air,Pre-PQ Process,N/A - From RDC,17-Jan-08,17-Jan-08,17-Jan-08,ARV,Adult,SCMS from RDC,"Lopinavir/Ritonavir 200/50mg [Aluvia], tablets, 120 Tabs",Lopinavir/Ritonavir,Aluvia,200/50mg,Tablet,120,479,19686.9,41.1,0.34,ABBVIE Ludwigshafen Germany,Yes,421,5947.88,31.5
85332,114-UG-T30,FPQ-11143,SO-43940,DN-3034,Uganda,PMO - US,From RDC,N/A - From RDC,Air,12/13/2012,N/A - From RDC,29-Mar-13,1-Mar-13,1-Mar-13,ARV,Adult,SCMS from RDC,"Efavirenz/Lamivudine/Tenofovir Disoproxil Fumarate 600/300/300mg, tablets, 30 Tabs",Efavirenz/Lamivudine/Tenofovir Disoproxil Fumarate,Generic,600/300/300mg,Tablet - FDC,30,14704,178065.44,12.11,0.4,Mylan (formerly Matrix) Nashik,No,See DN-3034 (ID#:84791),See DN-3034 (ID#:84791),220.27
44393,110-ZM-T30,FPQ-14827,SCMS-256500,ASN-31165,Zambia,PMO - US,Direct Drop,EXW,Air,8/19/2014,9/19/2014,12-May-15,8-May-15,12-May-15,HRDT,HIV test,"Orgenics, Ltd","HIV 1/2, Determine Complete HIV Kit, 100 Tests","HIV 1/2, Determine Complete HIV Kit",Determine,,Test kit,100,5538,443040.0,80.0,0.8,"Alere Medical Co., Ltd.",Yes,5538,25380.88,455.45
85893,104-CI-T30,FPQ-9063,SO-41360,DN-2816,Côte d'Ivoire,PMO - US,From RDC,N/A - From RDC,Truck,12/21/2011,N/A - From RDC,2-Oct-12,27-Aug-12,27-Aug-12,ARV,Adult,SCMS from RDC,"Lamivudine/Zidovudine 150/300mg, tablets, 60 Tabs",Lamivudine/Zidovudine,Generic,150/300mg,Tablet - FDC,60,58380,450693.6,7.72,0.13,Mylan (formerly Matrix) Nashik,No,See DN-2816 (ID#:84747),See DN-2816 (ID#:84747),631.87
77610,116-ZA-T30,FPQ-4054,SCMS-51250,ASN-5056,South Africa,PMO - US,Direct Drop,DDP,Truck,7/29/2009,8/7/2009,24-Aug-09,24-Aug-09,24-Aug-09,ARV,Adult,S. BUYS WHOLESALER,"Efavirenz 600mg, tablets, 30 Tabs",Efavirenz,Generic,600mg,Tablet,30,560,10506.86,18.76,0.63,"Cipla, Goa, India",No,Weight Captured Separately,Freight Included in Commodity Cost,20.59
84768,106-HT-T30,FPQ-10883,SO-43600,DN-2934,Haiti,PMO - US,From RDC,N/A - From RDC,Air,10/30/2012,N/A - From RDC,3-Dec-12,14-Nov-12,14-Nov-12,ARV,Adult,SCMS from RDC,"Abacavir 300mg, tablets, 60 Tabs",Abacavir,Generic,300mg,Tablet,60,1980,25660.8,12.96,0.22,"Aurobindo Unit III, India",No,See DN-2934 (ID#:83094),See DN-2934 (ID#:83094),31.74
62521,104-CI-T30,FPQ-3967,SCMS-52660,ASN-5864,Côte d'Ivoire,PMO - US,Direct Drop,EXW,Air,8/21/2009,9/14/2009,5-Feb-10,5-Feb-10,5-Feb-10,ARV,Adult,MYLAN LABORATORIES LTD (FORMERLY MATRIX LABORATORIES),"Abacavir/Lamivudine/Zidovudine 300/150/300mg, tablets, 60 Tabs",Abacavir/Lamivudine/Zidovudine,Generic,300/150/300mg,Tablet - FDC,60,2688,86016.0,32.0,0.53,Mylan (formerly Matrix) Nashik,Yes,421,4022.89,168.59
10239,110-ZM-T01,Pre-PQ Process,SCMS-37780,ASN-3698,Zambia,PMO - US,Direct Drop,EXW,Air,Pre-PQ Process,1/27/2009,9-Apr-09,9-Apr-09,9-Apr-09,HRDT,HIV test,"Trinity Biotech, Plc","HIV 1/2, Uni-Gold HIV Kit, 20 Tests","HIV 1/2, Uni-Gold HIV Kit",Uni-Gold,,Test kit,20,8000,256000.0,32.0,1.6,"Trinity Biotech, Plc",Yes,2657,25513.66,501.76
2602,116-ZA-T01,Pre-PQ Process,SCMS-47090,ASN-4820,South Africa,PMO - US,Direct Drop,DDP,Truck,Pre-PQ Process,6/5/2009,21-Jul-09,21-Jul-09,21-Jul-09,ARV,Adult,S. BUYS WHOLESALER,"Stavudine 20mg [Zerit], capsules, 60 Caps",Stavudine,Zerit,20mg,Capsule,60,320,1475.2,4.61,0.08,"BMS Meymac, France",Yes,Weight Captured Separately,Freight Included in Commodity Cost,2.89
57826,108-VN-T30,FPQ-15692,SCMS-274370,ASN-32262,Vietnam,PMO - US,Direct Drop,EXW,Air,1/28/2015,2/17/2015,13-Jul-15,13-Jul-15,14-Jul-15,ARV,Adult,HETERO LABS LIMITED,"Efavirenz 600mg, tablets, 30 Tabs",Efavirenz,Generic,600mg,Tablet,30,8000,28000.0,3.5,0.12,Hetero Unit III Hyderabad IN,No,See ASN-32262 (ID#:41943),See ASN-32262 (ID#:41943),32.96
85560,110-ZM-T30,FPQ-14575,SO-49282,DN-4117,Zambia,PMO - US,From RDC,N/A - From RDC,Truck,7/11/2014,N/A - From RDC,27-Feb-15,19-Feb-15,20-Feb-15,ARV,Adult,SCMS from RDC,"Nevirapine 200mg, tablets, 60 Tabs",Nevirapine,Generic,200mg,Tablet,60,38151,83169.18,2.18,0.04,"Strides, Bangalore, India.",No,See DN-4117 (ID#:84449),See DN-4117 (ID#:84449),85.5
24345,108-VN-T30,FPQ-5094,SCMS-68500,ASN-7171,Vietnam,PMO - US,Direct Drop,EXW,Air,3/15/2010,3/24/2010,22-Jun-10,22-Jun-10,22-Jun-10,ARV,Adult,STRIDES ARCOLAB LIMITED,"Lamivudine/Nevirapine/Zidovudine 150/200/300mg, tablets, 60 Tabs",Lamivudine/Nevirapine/Zidovudine,Generic,150/300/200mg,Tablet - FDC,60,20651,227161.0,11.0,0.18,"Strides, Bangalore, India.",Yes,2367,10648.45,489.76
10766,114-UG-T01,Pre-PQ Process,SO-30100,DN-1232,Uganda,PMO - US,From RDC,N/A - From RDC,Air,Pre-PQ Process,N/A - From RDC,1-Jun-09,1-Jun-09,1-Jun-09,ARV,Adult,SCMS from RDC,"Lamivudine/Zidovudine 150/300mg, tablets, 60 Tabs",Lamivudine/Zidovudine,Generic,150/300mg,Tablet - FDC,60,3574,31308.24,8.76,0.15,Mylan (formerly Matrix) Nashik,Yes,14,1375.36,61.36
39833,108-VN-T30,FPQ-13524,SCMS-226260,ASN-26927,Vietnam,PMO - US,Direct Drop,EXW,Air,2/6/2014,3/10/2014,13-Aug-14,13-Aug-14,25-Aug-14,ARV,Adult,HETERO LABS LIMITED,"Efavirenz/Lamivudine/Tenofovir Disoproxil Fumarate 600/300/300mg, tablets, 30 Tabs",Efavirenz/Lamivudine/Tenofovir Disoproxil Fumarate,Generic,600/300/300mg,Tablet - FDC,30,720,7560.0,10.5,0.35,Hetero Unit III Hyderabad IN,No,See ASN-26927 (ID#:26612),See ASN-26927 (ID#:26612),7.77
11578,113-ZW-T01,Pre-PQ Process,SO-2503,DN-900,Zimbabwe,PMO - US,From RDC,N/A - From RDC,Truck,Pre-PQ Process,N/A - From RDC,12-Sep-08,12-Sep-08,12-Sep-08,ARV,Adult,SCMS from RDC,"Lamivudine/Nevirapine/Stavudine 150/200/30mg, tablets, 60 Tabs",Lamivudine/Nevirapine/Stavudine,Generic,150/200/30mg,Tablet - FDC,60,76000,562400.0,7.4,0.12,"Cipla, Goa, India",No,See DN-900 (ID#:11284),See DN-900 (ID#:11284),899.84
86346,104-CI-T30,FPQ-5925,SO-37150,DN-2035,Côte d'Ivoire,PMO - US,From RDC,N/A - From RDC,Truck,6/23/2010,N/A - From RDC,30-Nov-10,26-Nov-10,26-Nov-10,ARV,Adult,SCMS from RDC,"Tenofovir Disoproxil Fumarate 300mg, tablets, 30 Tabs",Tenofovir Disoproxil Fumarate,Generic,300mg,Tablet,30,2480,18104.0,7.3,0.24,Mylan (formerly Matrix) Nashik,No,See DN-2035 (ID#:82356),See DN-2035 (ID#:82356),39.03
79861,102-GY-T30,FPQ-8053,SCMS-115810,ASN-11777,Guyana,PMO - US,Direct Drop,EXW,Air,7/13/2011,8/1/2011,31-Aug-11,31-Aug-11,31-Aug-11,HRDT,HIV test,"Trinity Biotech, Plc","HIV 1/2, Uni-Gold HIV Kit, 20 Tests","HIV 1/2, Uni-Gold HIV Kit",Uni-Gold,,Test kit,20,4588,146816.0,32.0,1.6,"Trinity Biotech, Plc",Yes,1573,26710.2,242.25
81753,103-ZW-T30,FPQ-15293,SCMS-263540,ASN-31073,Zimbabwe,PMO - US,Direct Drop,FCA,Air,11/4/2014,11/12/2014,19-Mar-15,19-Mar-15,19-Mar-15,ARV,Pediatric,ABBVIE LOGISTICS (FORMERLY ABBOTT LOGISTICS BV),"Lopinavir/Ritonavir 80/20mg/ml [Kaletra], oral solution, cool, Bottle 5 x 60 ml",Lopinavir/Ritonavir,Kaletra,80/20mg/ml,Oral solution,300,6490,200021.8,30.82,0.1,ABBVIE (Abbott) Logis. UK,Yes,5747,50104.34,235.43
82677,104-CI-T30,FPQ-10633,SO-43363,DN-3707,Côte d'Ivoire,PMO - US,From RDC,N/A - From RDC,Truck,9/11/2012,N/A - From RDC,29-Aug-14,4-Jun-14,10-Jul-14,ARV,Adult,SCMS from RDC,"Efavirenz 600mg, tablets, 30 Tabs",Efavirenz,Generic,600mg,Tablet,30,30196,96929.16,3.21,0.11,"Strides, Bangalore, India.",Yes,3591,5153.54,135.89
85041,103-ZW-T30,FPQ-15197,SO-50020,DN-4307,Zimbabwe,PMO - US,From RDC,N/A - From RDC,Truck,10/16/2014,N/A - From RDC,31-Jul-15,15-Jul-15,20-Jul-15,ARV,Pediatric,SCMS from RDC,"Lamivudine/Zidovudine 30/60mg, dispersible tablets, 60 Tabs",Lamivudine/Zidovudine,Generic,30/60mg,Chewable/dispersible tablet - FDC,60,2741,5454.59,1.99,0.03,"Mylan,  H-12 & H-13, India",No,See DN-4307 (ID#:83920),See DN-4307 (ID#:83920),6.42
23267,116-ZA-T30,FPQ-12522,SCMS-199289,ASN-28037,South Africa,PMO - US,Direct Drop,DDP,Truck,7/11/2013,8/29/2014,29-Aug-14,29-Aug-14,29-Aug-14,ARV,Pediatric,S. BUYS WHOLESALER,"Efavirenz 50mg, capsule, 30 Caps",Efavirenz,Generic,50mg,Capsule,30,92,305.1,3.32,0.11,"Aurobindo Unit III, India",No,Weight Captured Separately,Freight Included in Commodity Cost,0.38
29281,127-KE-T30,FPQ-8155,SCMS-119190,ASN-12470,Kenya,PMO - US,Direct Drop,EXW,Air,8/5/2011,8/28/2011,4-Nov-11,4-Nov-11,4-Nov-11,HRDT,HIV test,"Orgenics, Ltd","HIV 1/2, Determine Complete HIV Kit, 100 Tests","HIV 1/2, Determine Complete HIV Kit",Determine,,Test kit,100,8657,770473.0,89.0,0.89,"Alere Medical Co., Ltd.",Yes,4203,44128.81,1271.28
17701,102-ML-T30,FPQ-10104,SCMS-153770,ASN-15931,Mali,PMO - US,Direct Drop,EXW,Air,7/5/2012,7/31/2012,11-Sep-12,11-Sep-12,11-Sep-12,HRDT,HIV test,Orasure Technologies Inc.,"HIV 1/2, OraQuick Advance HIV Rapid Antibody Kit, 100 Tests","HIV 1/2, OraQuick Advance HIV Rapid Antibody Kit",OraQuick,,Test kit,100,5,2000.0,400.0,4.0,"Pacific Biotech, Thailand",Yes,12,1840.97,2.8
82867,151-NG-T30,FPQ-4537,SO-35043,DN-1714,Nigeria,PMO - US,From RDC,N/A - From RDC,Air Charter,11/6/2009,N/A - From RDC,19-Apr-10,31-Mar-10,31-Mar-10,ARV,Adult,SCMS from RDC,"Lamivudine/Nevirapine/Stavudine 150/200/30mg, tablets, 60 Tabs",Lamivudine/Nevirapine/Stavudine,Generic,150/200/30mg,Tablet - FDC,60,124,757.64,6.11,0.1,"Strides, Bangalore, India.",Yes,9,Freight Included in Commodity Cost,1.63
11646,114-UG-T01,Pre-PQ Process,SO-30111,DN-1253,Uganda,PMO - US,From RDC,N/A - From RDC,Air,Pre-PQ Process,N/A - From RDC,23-Jun-09,23-Jun-09,23-Jun-09,ARV,Adult,SCMS from RDC,"Lamivudine/Nevirapine/Zidovudine 150/200/300mg, tablets, 60 Tabs",Lamivudine/Nevirapine/Zidovudine,Generic,150/300/200mg,Tablet - FDC,60,10371,117710.85,11.35,0.19,Mylan (formerly Matrix) Nashik,Yes,1273,7493.5,230.71
83300,107-RW-T30,FPQ-14811,SO-49950,DN-4085,Rwanda,PMO - US,From RDC,N/A - From RDC,Truck,10/15/2014,N/A - From RDC,30-Jan-15,9-Feb-15,20-Feb-15,ARV,Pediatric,SCMS from RDC,"Abacavir/Lamivudine 60/30mg, dispersible tablets, 60 Tabs",Abacavir/Lamivudine,Generic,60/30mg,Chewable/dispersible tablet - FDC,60,1296,6596.64,5.09,0.08,"Cipla, Patalganga, India",No,See DN-4085 (ID#:82772),See DN-4085 (ID#:82772),6.78
83218,107-RW-T30,FPQ-12766,SO-46480,DN-3579,Rwanda,PMO - US,From RDC,N/A - From RDC,Truck,8/2/2013,N/A - From RDC,28-Mar-14,2-Apr-14,14-Apr-14,ARV,Adult,SCMS from RDC,"Lamivudine/Tenofovir Disoproxil Fumarate 300/300mg, tablets, 30 Tabs",Lamivudine/Tenofovir Disoproxil Fumarate,Generic,300/300mg,Tablet - FDC,30,68517,322029.9,4.7,0.16,"Aurobindo Unit VII, IN",No,See DN-3579 (ID#:83217),See DN-3579 (ID#:83217),398.35
11955,151-NG-T01,Pre-PQ Process,SO-21800,DN-1134,Nigeria,PMO - US,From RDC,N/A - From RDC,Air Charter,Pre-PQ Process,N/A - From RDC,19-Mar-09,19-Mar-09,19-Mar-09,ARV,Adult,SCMS from RDC,"Lamivudine/Nevirapine/Zidovudine 150/200/300mg, tablets, 60 Tabs",Lamivudine/Nevirapine/Zidovudine,Generic,150/300/200mg,Tablet - FDC,60,63940,728916.0,11.4,0.19,"Aurobindo Unit III, India",Yes,7189,11492.86,1428.68
85175,202-GT-T30,FPQ-6943,SO-38270,DN-2100,Guatemala,PMO - US,From RDC,N/A - From RDC,Air,12/29/2010,N/A - From RDC,31-Jan-11,10-Feb-11,10-Feb-11,ARV,Adult,SCMS from RDC,"Efavirenz 600mg, tablets, 30 Tabs",Efavirenz,Generic,600mg,Tablet,30,34553,149268.96,4.32,0.14,"Emcure Plot No.P-2, I.T-B.T. Park, Phase II, MIDC, Hinjwadi, Pune, India",No,See DN-2100 (ID#:85174),See DN-2100 (ID#:85174),246.29
84693,101-CD-T30,FPQ-8840,SO-41132,DN-2494,"Congo, DRC",PMO - US,From RDC,N/A - From RDC,Air,11/21/2011,N/A - From RDC,16-Mar-12,14-Feb-12,14-Feb-12,ARV,Adult,SCMS from RDC,"Lopinavir/Ritonavir 200/50mg, tablets, 120 Tabs",Lopinavir/Ritonavir,Generic,200/50mg,Tablet,120,20,674.8,33.74,0.28,"Aurobindo Unit III, India",No,See DN-2494 (ID#:82433),See DN-2494 (ID#:82433),0.95
65688,105-GY-T30,FPQ-10249,SCMS-153860,ASN-16350,Guyana,PMO - US,Direct Drop,EXW,Air,7/5/2012,7/26/2012,18-Sep-12,18-Sep-12,18-Sep-12,HRDT,HIV test,"CHEMBIO DIAGNOSTIC SYSTEMS, INC.","HIV 1/2, Stat-Pak HIV, Kit, 20 Tests","HIV 1/2, Stat-Pak HIV, Kit",Stat-Pak,,Test kit,20,19,551.0,29.0,1.45,Chembio Diagnostics Sys. Inc.,Yes,5,296.52,0.77
11718,100-CI-T01,Pre-PQ Process,SO-439,DN-86,Côte d'Ivoire,PMO - US,From RDC,N/A - From RDC,,Pre-PQ Process,N/A - From RDC,30-Apr-07,30-Apr-07,30-Apr-07,ARV,Adult,SCMS from RDC,"Lamivudine/Nevirapine/Stavudine 150/200/30mg, tablets, 60 Tabs",Lamivudine/Nevirapine/Stavudine,Generic,150/200/30mg,Tablet - FDC,60,9000,67500.0,7.5,0.12,"Cipla, Goa, India",Yes,992,3205,
12780,131-NG-T01,Pre-PQ Process,SO-2575,DN-737,Nigeria,PMO - US,From RDC,N/A - From RDC,Air,Pre-PQ Process,N/A - From RDC,14-May-08,14-May-08,14-May-08,ARV,Adult,SCMS from RDC,"Lamivudine/Nevirapine/Zidovudine 150/200/300mg, tablets, 60 Tabs",Lamivudine/Nevirapine/Zidovudine,Generic,150/300/200mg,Tablet - FDC,60,16610,220580.8,13.28,0.22,"Cipla, Goa, India",No,See DN-737 (ID#:11533),See DN-737 (ID#:11533),352.93
10844,107-RW-T01,Pre-PQ Process,SO-644,DN-217,Rwanda,PMO - US,From RDC,N/A - From RDC,Air,Pre-PQ Process,N/A - From RDC,30-Jul-07,30-Jul-07,30-Jul-07,HRDT,HIV test,SCMS from RDC,"HIV 1/2, Uni-Gold HIV Kit, 20 Tests","HIV 1/2, Uni-Gold HIV Kit",Uni-Gold,,Test kit,20,250,8000.0,32.0,1.6,"Trinity Biotech, Plc",Yes,78,1324.61,12.8
69051,133-NG-T30,FPQ-14995,SCMS-260700,ASN-29936,Nigeria,PMO - US,Direct Drop,EXW,Air,9/22/2014,10/29/2014,19-Jan-15,20-Jan-15,22-Jan-15,HRDT,HIV test,"Orgenics, Ltd","HIV 1/2, Determine Complete HIV Kit, 100 Tests","HIV 1/2, Determine Complete HIV Kit",Determine,,Test kit,100,3180,283020.0,89.0,0.89,"Alere Medical Co., Ltd.",Yes,1290,15890.52,290.94
47581,106-HT-T30,FPQ-10785,SCMS-162820,ASN-17024,Haiti,PMO - US,Direct Drop,DDP,Truck,10/11/2012,10/16/2012,30-Oct-12,30-Oct-12,30-Oct-12,HRDT,HIV test,REINBOLD EXPORT IMPORT,"HIV 1/2, Determine Complete HIV Kit, 100 Tests","HIV 1/2, Determine Complete HIV Kit",Determine,,Test kit,100,1000,133000.0,133.0,1.33,"Alere Medical Co., Ltd.",Yes,Weight Captured Separately,Freight Included in Commodity Cost,164.52
21033,110-ZM-T30,FPQ-13224,SCMS-215200,ASN-23390,Zambia,PMO - US,Direct Drop,FCA,Air,10/31/2013,11/19/2013,7-Feb-14,7-Feb-14,13-Feb-14,ARV,Pediatric,ABBVIE LOGISTICS (FORMERLY ABBOTT LOGISTICS BV),"Lopinavir/Ritonavir 80/20mg/ml [Kaletra], oral solution, cool, Bottle 5 x 60 ml",Lopinavir/Ritonavir,Kaletra,80/20mg/ml,Oral solution,300,2569,79176.58,30.82,0.1,ABBVIE (Abbott) Logis. UK,Yes,2410,14384.91,81.39
23,112-NG-T01,Pre-PQ Process,SCMS-87,ASN-57,Nigeria,PMO - US,Direct Drop,EXW,Air,Pre-PQ Process,Date Not Captured,28-Sep-06,28-Sep-06,28-Sep-06,ARV,Pediatric,Aurobindo Pharma Limited,"Zidovudine 10mg/ml, oral solution, Bottle, 240 ml",Zidovudine,Generic,10mg/ml,Oral solution,240,416,2225.6,5.35,0.02,"Aurobindo Unit III, India",Yes,504,5920.42,
21795,108-VN-T30,FPQ-4720,SCMS-62480,ASN-6191,Vietnam,PMO - US,Direct Drop,EXW,Air,1/4/2009,1/12/2010,13-Mar-10,13-Mar-10,13-Mar-10,ARV,Adult,CIPLA LIMITED,"Lamivudine/Nevirapine/Stavudine 150/200/30mg, tablets, 60 Tabs",Lamivudine/Nevirapine/Stavudine,Generic,150/200/30mg,Tablet - FDC,60,15040,86329.6,5.74,0.1,"Cipla, Goa, India",Yes,1481,6390.83,186.13
85849,114-UG-T30,FPQ-8522,SO-40931,DN-2607,Uganda,PMO - US,From RDC,N/A - From RDC,Truck,10/5/2011,N/A - From RDC,16-May-12,27-Mar-12,27-Mar-12,ARV,Adult,SCMS from RDC,"Lamivudine/Tenofovir Disoproxil Fumarate 300/300mg, tablets, 30 Tabs",Lamivudine/Tenofovir Disoproxil Fumarate,Generic,300/300mg,Tablet - FDC,30,22872,139061.76,6.08,0.2,Mylan (formerly Matrix) Nashik,No,See DN-2607 (ID#:83580),See DN-2607 (ID#:83580),229.45
9200,116-ZA-T01,Pre-PQ Process,SCMS-47050,ASN-4819,South Africa,PMO - US,Direct Drop,DDP,Truck,Pre-PQ Process,6/5/2009,12-Oct-09,21-Jul-09,21-Jul-09,ARV,Adult,S. BUYS WHOLESALER,"Efavirenz 600mg, tablets, 30 Tabs",Efavirenz,Generic,600mg,Tablet,30,1000,17020.0,17.02,0.57,"Cipla, Goa, India",No,Weight Captured Separately,Freight Included in Commodity Cost,33.36
46956,119-NA-T30,FPQ-7007,SCMS-98340,ASN-10065,Namibia,PMO - US,Direct Drop,EXW,Air,1/13/2011,2/2/2011,22-Mar-11,22-Mar-11,22-Mar-11,HRDT,HIV test,"Orgenics, Ltd","HIV 1/2, Determine HIV Kit, without Lancets, 100 Tests","HIV 1/2, Determine HIV Kit, without Lancets",Determine,,Test kit,100,150,11655.0,77.7,0.78,Inverness Japan,Yes,34,947.35,19.23
33868,161-ZA-T30,FPQ-6708,SCMS-93520,ASN-9579,South Africa,PMO - US,Direct Drop,DDP,Ocean,11/26/2010,12/6/2010,26-Jun-11,26-Jun-11,26-Jun-11,ARV,Adult,Aurobindo Pharma Limited,"Tenofovir Disoproxil Fumarate 300mg, tablets, 30 Tabs",Tenofovir Disoproxil Fumarate,Generic,300mg,Tablet,30,70331,467701.15,6.65,0.22,"Aurobindo Unit III, India",Yes,6564,12396.57,771.71
85480,114-UG-T30,FPQ-13108,SO-46871,DN-3736,Uganda,PMO - US,From RDC,N/A - From RDC,Truck,10/16/2013,N/A - From RDC,30-Jun-14,30-Jun-14,1-Jul-14,ARV,Adult,SCMS from RDC,"Lamivudine/Nevirapine/Zidovudine 150/200/300mg, tablets, 60 Tabs",Lamivudine/Nevirapine/Zidovudine,Generic,150/300/200mg,Tablet - FDC,60,212934,1758834.84,8.26,0.14,Hetero Unit III Hyderabad IN,Yes,27953,19248.7,1808.08
11558,109-TZ-T01,Pre-PQ Process,SO-2721,DN-766,Tanzania,PMO - US,From RDC,N/A - From RDC,Air,Pre-PQ Process,N/A - From RDC,10-Jul-08,10-Jul-08,10-Jul-08,ARV,Adult,SCMS from RDC,"Lamivudine 150mg, tablets, 60 Tabs",Lamivudine,Generic,150mg,Tablet,60,11352,33034.32,2.91,0.05,"Aurobindo Unit III, India",Yes,572,4152.56,52.85
82999,101-CD-T30,FPQ-8840,SO-41130,DN-2492,"Congo, DRC",PMO - US,From RDC,N/A - From RDC,Air,11/21/2011,N/A - From RDC,16-Mar-12,14-Feb-12,14-Feb-12,ARV,Adult,SCMS from RDC,"Abacavir 300mg, tablets, 60 Tabs",Abacavir,Generic,300mg,Tablet,60,11,160.93,14.63,0.24,Mylan (formerly Matrix) Nashik,Yes,28,456.17,0.23
82657,114-UG-T30,FPQ-13108,SO-46870,DN-3589,Uganda,PMO - US,From RDC,N/A - From RDC,Truck,10/16/2013,N/A - From RDC,20-Apr-14,18-Apr-14,28-Apr-14,ARV,Adult,SCMS from RDC,"Lamivudine/Zidovudine 150/300mg, tablets, 60 Tabs",Lamivudine/Zidovudine,Generic,150/300mg,Tablet - FDC,60,7693,51773.89,6.73,0.11,"Cipla, Goa, India",Yes,6909,4947.38,53.22
83732,104-CI-T30,FPQ-11253,SO-44210,DN-3371,Côte d'Ivoire,PMO - US,From RDC,N/A - From RDC,Truck,12/14/2012,N/A - From RDC,31-Oct-13,22-Oct-13,19-Nov-13,ARV,Adult,SCMS from RDC,"Lopinavir/Ritonavir 200/50mg, tablets, 120 Tabs",Lopinavir/Ritonavir,Generic,200/50mg,Tablet,120,228,4788.0,21.0,0.18,"Aurobindo Unit III, India",No,See DN-3371 (ID#:83174),See DN-3371 (ID#:83174),5.92
13648,101-CD-T30,FPQ-16001,SCMS-280220,ASN-32231,"Congo, DRC",PMO - US,Direct Drop,EXW,Air,3/10/2015,3/17/2015,23-Jul-15,23-Jul-15,29-Jul-15,HRDT,HIV test,"Orgenics, Ltd","HIV 1/2, Determine Complete HIV Kit, 100 Tests","HIV 1/2, Determine Complete HIV Kit",Determine,,Test kit,100,143,11440.0,80.0,0.8,"Alere Medical Co., Ltd.",Yes,Weight Captured Separately,Invoiced Separately,13.46
24123,103-ZW-T30,FPQ-13325,SCMS-216230,ASN-26314,Zimbabwe,PMO - US,Direct Drop,FCA,Air,11/26/2013,11/28/2013,24-Jun-14,24-Jun-14,25-Jun-14,ARV,Pediatric,ABBVIE LOGISTICS (FORMERLY ABBOTT LOGISTICS BV),"Lopinavir/Ritonavir 100/25mg [Aluvia], tablets, 60 Tabs",Lopinavir/Ritonavir,Generic,100/25mg,Tablet,60,9670,57439.8,5.94,0.1,ABBVIE Ludwigshafen Germany,Yes,1128,13330.73,59.05
12289,112-NG-T01,Pre-PQ Process,SO-21052,DN-1257,Nigeria,PMO - US,From RDC,N/A - From RDC,Air,Pre-PQ Process,N/A - From RDC,5-Jun-09,5-Jun-09,5-Jun-09,ARV,Adult,SCMS from RDC,"Lamivudine/Zidovudine 150/300mg, tablets, 60 Tabs",Lamivudine/Zidovudine,Generic,150/300mg,Tablet - FDC,60,1747,15303.72,8.76,0.15,Mylan (formerly Matrix) Nashik,Yes,148,1012.18,30.0
56118,116-ZA-T30,FPQ-4359,SCMS-54981,ASN-5475,South Africa,PMO - US,Direct Drop,DDP,Truck,10/8/2009,10/15/2009,27-Oct-09,27-Oct-09,27-Oct-09,ARV,Adult,S. BUYS WHOLESALER,"Stavudine 30mg, capsules, 60 Caps",Stavudine,Generic,30mg,Capsule,60,4500,20364.96,4.53,0.08,"Aurobindo Unit III, India",Yes,Weight Captured Separately,Freight Included in Commodity Cost,39.92
80019,116-ZA-T30,FPQ-5535,SCMS-71491,ASN-7427,South Africa,PMO - US,Direct Drop,DDP,Truck,4/19/2010,4/21/2010,11-Jun-10,11-Jun-10,11-Jun-10,ARV,Pediatric,S. BUYS WHOLESALER,"Ritonavir 80mg/ml [Norvir], oral solution, cool, Bottle, 90 ml",Ritonavir,Norvir,80mg/ml,Oral solution,90,2,28.33,14.16,0.16,ABBVIE (Abbott) France,Yes,Weight Captured Separately,Freight Included in Commodity Cost,0.06
82997,109-TZ-T30,FPQ-8301,SO-40551,DN-2473,Tanzania,PMO - US,From RDC,N/A - From RDC,Truck,9/2/2011,N/A - From RDC,15-Feb-12,5-Feb-12,5-Feb-12,ARV,Adult,SCMS from RDC,"Efavirenz/Lamivudine/Tenofovir Disoproxil Fumarate 600/300/300mg, tablets, 30 Tabs",Efavirenz/Lamivudine/Tenofovir Disoproxil Fumarate,Generic,600/300/300mg,Tablet - FDC,30,51763,884112.04,17.08,0.57,Mylan (formerly Matrix) Nashik,Yes,1645,Freight Included in Commodity Cost,1458.78
85871,111-MZ-T30,FPQ-9506,SO-41780,DN-2717,Mozambique,PMO - US,From RDC,N/A - From RDC,Truck,3/16/2012,N/A - From RDC,7-Aug-12,24-Jul-12,24-Jul-12,ARV,Pediatric,SCMS from RDC,"Zidovudine 10mg/ml, oral solution w/syringe, Bottle, 240 ml",Zidovudine,Generic,10mg/ml,Oral solution,240,1600,3360.0,2.1,0.01,"Aurobindo Unit III, India",No,See DN-2717 (ID#:83598),See DN-2717 (ID#:83598),4.71
41146,113-ZW-T30,FPQ-3998,SCMS-49710,ASN-4729,Zimbabwe,PMO - US,Direct Drop,EXW,Air,7/14/2009,7/21/2009,1-Sep-09,1-Sep-09,1-Sep-09,HRDT,HIV test,"Standard Diagnostics, Inc.","HIV 1/2, Bioline 3.0 Kit, Lancets, Capillary pipets, Alcohol swabs included, 25 Tests","HIV 1/2, Bioline 3.0 Kit, Lancets, Capillary pipets, Alcohol swabs included",Bioline,,Test kit,25,2000,40000.0,20.0,0.8,"Standard Diagnostics, Korea",Yes,624,4756.06,78.4
10946,100-ZW-T01,Pre-PQ Process,SO-714,DN-709,Zimbabwe,PMO - US,From RDC,N/A - From RDC,Air,Pre-PQ Process,N/A - From RDC,21-Apr-08,21-Apr-08,21-Apr-08,ARV,Adult,SCMS from RDC,"Lamivudine/Nevirapine/Stavudine 150/200/30mg, tablets, 60 Tabs",Lamivudine/Nevirapine/Stavudine,Generic,150/200/30mg,Tablet - FDC,60,37240,275576.0,7.4,0.12,"Cipla, Goa, India",No,See DN-709 (ID#:10945),See DN-709 (ID#:10945),440.92
15046,116-ZA-T30,FPQ-14942,SCMS-259079,ASN-33852,South Africa,PMO - US,Direct Drop,DDP,Truck,9/11/2014,10/9/2014,24-Aug-15,24-Aug-15,24-Aug-15,ARV,Adult,PHARMACY DIRECT,"Didanosine 250mg, delayed-release capsules, 30 Caps",Didanosine,Generic,250mg,Delayed-release capsules,30,6,71.03,11.84,0.39,"Aurobindo Unit III, India",Yes,Weight Captured Separately,Freight Included in Commodity Cost,0.07
83453,104-CI-T30,FPQ-5623,SO-36890,DN-1984,Côte d'Ivoire,PMO - US,From RDC,N/A - From RDC,Air,5/7/2010,N/A - From RDC,31-Aug-10,23-Aug-10,23-Aug-10,ARV,Pediatric,SCMS from RDC,"Lamivudine 10mg/ml, oral solution, Bottle, 240 ml",Lamivudine,Generic,10mg/ml,Oral solution,240,3010,5809.3,1.93,0.01,"Aurobindo Unit III, India",Yes,3202,12648.38,12.52
84521,110-ZM-T30,FPQ-4481,SO-34180,DN-1578,Zambia,PMO - US,From RDC,N/A - From RDC,Truck,7/14/2009,N/A - From RDC,15-Jan-10,8-Dec-09,8-Dec-09,ARV,Adult,SCMS from RDC,"Lamivudine/Zidovudine 150/300mg, tablets, 60 Tabs",Lamivudine/Zidovudine,Generic,150/300mg,Tablet - FDC,60,36760,322017.6,8.76,0.15,"Aurobindo Unit III, India",Yes,3294,9942.26,631.15
48497,161-ZA-T30,FPQ-6262,SCMS-84230,ASN-9508,South Africa,PMO - US,Direct Drop,DDP,Ocean,8/31/2010,9/21/2010,14-Feb-11,11-Feb-11,11-Feb-11,ARV,Adult,STRIDES ARCOLAB LIMITED,"Lamivudine 150mg, tablets, 60 Tabs",Lamivudine,Generic,150mg,Tablet,60,185954,459306.38,2.47,0.04,"Strides, Bangalore, India.",Yes,9019,13677.68,990.26
86618,114-UG-T30,FPQ-12253,SO-45570,DN-3385,Uganda,PMO - US,From RDC,N/A - From RDC,Truck,5/8/2013,N/A - From RDC,29-Nov-13,13-Nov-13,27-Nov-13,ARV,Pediatric,SCMS from RDC,"Efavirenz 200mg, scored tablets, 90 Tabs",Efavirenz,Generic,200mg,Tablet,90,8035,74725.5,9.3,0.1,"Strides, Bangalore, India.",No,See DN-3385 (ID#:85415),See DN-3385 (ID#:85415),92.44
10673,110-ZM-T01,Pre-PQ Process,SO-2730,DN-821,Zambia,PMO - US,From RDC,N/A - From RDC,Truck,Pre-PQ Process,N/A - From RDC,29-Jul-08,29-Jul-08,29-Jul-08,ARV,Adult,SCMS from RDC,"Lamivudine/Nevirapine/Stavudine 150/200/30mg, tablets, 60 Tabs",Lamivudine/Nevirapine/Stavudine,Generic,150/200/30mg,Tablet - FDC,60,50000,360000.0,7.2,0.12,"Strides, Bangalore, India.",Yes,3679,5014.65,576.0
62,102-NG-T01,Pre-PQ Process,SCMS-230,ASN-144,Nigeria,PMO - US,Direct Drop,EXW,Air,Pre-PQ Process,Date Not Captured,10-Jan-07,10-Jan-07,10-Jan-07,HRDT,HIV test,EY Laboratories,"HIV 1/2, InstantChek HIV 1+2 Kit, 100 Tests","HIV 1/2, InstantChek HIV 1+2 Kit",InstantCHEK,,Test kit,100,10,850.0,85.0,0.85,"EY Laboratories, USA",Yes,Weight Captured Separately,Invoiced Separately,
86306,111-MZ-T30,FPQ-4711,SO-35730,DN-1832,Mozambique,PMO - US,From RDC,N/A - From RDC,Truck,12/23/2009,N/A - From RDC,30-Jun-10,14-Jun-10,14-Jun-10,ARV,Adult,SCMS from RDC,"Lamivudine/Nevirapine/Zidovudine 150/200/300mg, tablets, 60 Tabs",Lamivudine/Nevirapine/Zidovudine,Generic,150/300/200mg,Tablet - FDC,60,13446,150864.12,11.22,0.19,Mylan (formerly Matrix) Nashik,No,See DN-1832 (ID#:82321),See DN-1832 (ID#:82321),325.26
35977,116-ZA-T30,FPQ-14942,SCMS-295800,ASN-33865,South Africa,PMO - US,Direct Drop,DDP,Truck,9/11/2014,8/24/2015,24-Aug-15,24-Aug-15,24-Aug-15,ARV,Pediatric,PHARMACY DIRECT,"Efavirenz 200mg, capsule, 90 Caps",Efavirenz,Generic,200mg,Capsule,90,34,620.49,18.25,0.2,"Aurobindo Unit III, India",No,Weight Captured Separately,Freight Included in Commodity Cost,0.64
27664,901-GH-T30,FPQ-14101,SCMS-245430,ASN-28552,Ghana,PMO - US,Direct Drop,EXW,Air,4/30/2014,7/8/2014,3-Nov-14,3-Nov-14,12-Nov-14,ARV,Adult,HETERO LABS LIMITED,"Lamivudine/Tenofovir Disoproxil Fumarate 300/300mg, tablets, 30 Tabs",Lamivudine/Tenofovir Disoproxil Fumarate,Generic,300/300mg,Tablet - FDC,30,45632,210819.84,4.62,0.15,Hetero Unit III Hyderabad IN,Yes,4539,22271.36,216.72
58309,102-BI-T30,FPQ-13998,SCMS-234680,ASN-26424,Burundi,PMO - US,Direct Drop,EXW,Air,4/1/2014,4/29/2014,26-Jun-14,26-Jun-14,26-Jun-14,HRDT,HIV test,"CHEMBIO DIAGNOSTIC SYSTEMS, INC.","HIV 1/2, Stat-Pak Dipstick Assay Kit, 30 Tests","HIV 1/2, Stat-Pak Dipstick Assay Kit",Stat-Pak,,Test kit,30,539,14876.4,27.6,0.92,Chembio Diagnostics Sys. Inc.,Yes,58,871.28,15.29
30629,133-NG-T30,FPQ-10349,SCMS-155320,ASN-16930,Nigeria,PMO - US,Direct Drop,EXW,Air,7/17/2012,8/13/2012,6-Nov-12,8-Nov-12,8-Nov-12,HRDT,HIV test,"Orgenics, Ltd","HIV 1/2, Determine Complete HIV Kit, 100 Tests","HIV 1/2, Determine Complete HIV Kit",Determine,,Test kit,100,614,54646.0,89.0,0.89,"Alere Medical Co., Ltd.",Yes,295,7444.13,76.61
85473,104-CI-T30,FPQ-13142,SO-47160,DN-3685,Côte d'Ivoire,PMO - US,From RDC,N/A - From RDC,Truck,10/22/2013,N/A - From RDC,30-May-14,12-May-14,30-Jun-14,ARV,Adult,SCMS from RDC,"Lamivudine 150mg, tablets, 60 Tabs",Lamivudine,Generic,150mg,Tablet,60,1821,3168.54,1.74,0.03,"Micro labs, Verna, Goa, India",No,See DN-3685 (ID#:83245),See DN-3685 (ID#:83245),3.26
27777,117-ET-T30,FPQ-9098,SCMS-133600,ASN-15705,Ethiopia,PMO - US,Direct Drop,EXW,Air,1/10/2012,1/23/2012,31-Jul-12,31-Jul-12,31-Jul-12,HRDT,HIV test,"SHANGHAI KEHUA BIOENGINEERING CO.,LTD.  (KHB)","HIV 1/2, SKB Colloidal Gold, Diagnostic Kit, Antibody, 50 Tests","HIV 1/2, Colloidal Gold, Diagnostic Kit, Antibody",Colloidal Gold,,Test kit,1,1362,33369.0,24.5,24.5,"KHB Test Kit Facility, Shanghai China",Yes,950,8859.91,46.78
41798,161-ZA-T30,FPQ-6262,SCMS-83790,ASN-9195,South Africa,PMO - US,Direct Drop,DDP,Ocean,8/31/2010,9/24/2010,31-Jan-11,1-Feb-11,1-Feb-11,ARV,Adult,Aurobindo Pharma Limited,"Lamivudine 150mg, tablets, 60 Tabs",Lamivudine,Generic,150mg,Tablet,60,17013,40320.81,2.37,0.04,"Aurobindo Unit III, India",No,See ASN-9195 (ID#:39724),See ASN-9195 (ID#:39724),86.93
72948,116-ZA-T30,FPQ-14942,SCMS-259077,ASN-33477,South Africa,PMO - US,Direct Drop,DDP,Truck,9/11/2014,10/9/2014,24-Jul-15,24-Jul-15,24-Jul-15,ARV,Adult,PHARMACY DIRECT,"Tenofovir Disoproxil Fumarate 300mg, tablets, 30 Tabs",Tenofovir Disoproxil Fumarate,Generic,300mg,Tablet,30,32,475.28,14.85,0.5,Mylan (formerly Matrix) Nashik,No,Weight Captured Separately,Freight Included in Commodity Cost,0.49
53233,116-ZA-T30,FPQ-5535,SCMS-71370,ASN-7373,South Africa,PMO - US,Direct Drop,DDP,Truck,4/19/2010,4/21/2010,31-May-10,31-May-10,31-May-10,ARV,Pediatric,S. BUYS WHOLESALER,"Didanosine 100mg [Videx],chewable tablets, 60 Tabs",Didanosine,Videx,100mg,Chewable/dispersible tablet,60,10,164.62,16.46,0.27,"BMS Meymac, France",No,Weight Captured Separately,Freight Included in Commodity Cost,0.35
10637,117-ET-T01,Pre-PQ Process,SO-1342,DN-459,Ethiopia,PMO - US,From RDC,N/A - From RDC,Air,Pre-PQ Process,N/A - From RDC,26-Nov-07,26-Nov-07,26-Nov-07,ARV,Pediatric,SCMS from RDC,"Stavudine 1mg/ml, powder for oral solution, 200 ml",Stavudine,Generic,1mg/ml,Oral solution,200,7294,10211.6,1.4,0.01,"Aurobindo Unit III, India",Yes,753,8004,16.34
16967,108-VN-T30,FPQ-12539,SCMS-199710,ASN-23182,Vietnam,PMO - US,Direct Drop,FCA,Air,7/11/2013,7/30/2013,8-Jan-14,8-Jan-14,8-Jan-14,ARV,Adult,ABBVIE LOGISTICS (FORMERLY ABBOTT LOGISTICS BV),"Ritonavir 100mg [Norvir], film coated tablets, 30 Tabs",Ritonavir,Norvir,100mg,Tablet,30,319,7419.94,23.26,0.78,ABBVIE Ludwigshafen Germany,Yes,1736,5265.22,9.18
64588,104-CI-T30,FPQ-4381,SCMS-57600,ASN-6504,Côte d'Ivoire,PMO - US,Direct Drop,FCA,Air,11/5/2009,11/23/2009,7-Apr-10,7-Apr-10,7-Apr-10,ARV,Adult,ABBVIE LOGISTICS (FORMERLY ABBOTT LOGISTICS BV),"Ritonavir 100mg [Norvir], capsules, cool, 4 x 84 Caps",Ritonavir,Norvir,100mg,Capsule,336,680,26084.8,38.36,0.11,ABBVIE (Abbott) Logis. UK,Yes,1299,9689.81,51.13
76112,107-RW-T30,FPQ-4011,SCMS-50280,ASN-6840,Rwanda,PMO - US,Direct Drop,CIP,Air,7/16/2009,8/31/2009,1-Jun-10,1-Jun-10,1-Jun-10,ARV,Adult,MYLAN LABORATORIES LTD (FORMERLY MATRIX LABORATORIES),"Lamivudine/Tenofovir Disoproxil Fumarate 300/300mg, tablets, 30 Tabs",Lamivudine/Tenofovir Disoproxil Fumarate,Generic,300/300mg,Tablet - FDC,30,20700,226665.0,10.95,0.36,Mylan (formerly Matrix) Nashik,Yes,1795,21340.35,444.26
11426,104-CI-T01,Pre-PQ Process,SO-523,DN-260,Côte d'Ivoire,PMO - US,From RDC,N/A - From RDC,,Pre-PQ Process,N/A - From RDC,3-Aug-07,3-Aug-07,3-Aug-07,ARV,Adult,SCMS from RDC,"Abacavir/Lamivudine/Zidovudine 300/150/300mg [Trizivir], tablets, 60 Tabs",Abacavir/Lamivudine/Zidovudine,Trizivir,300/150/300mg,Tablet - FDC,60,400,28000.0,70.0,1.17,GSK Ware (UK),Yes,2270,6889,44.8
82291,111-MZ-T30,FPQ-4471,SO-33590,DN-1628,Mozambique,PMO - US,From RDC,N/A - From RDC,Air,9/14/2009,N/A - From RDC,14-Apr-10,14-Apr-10,14-Apr-10,ARV,Adult,SCMS from RDC,"Efavirenz 600mg, tablets, 30 Tabs",Efavirenz,Generic,600mg,Tablet,30,10000,57800.0,5.78,0.19,"Aurobindo Unit III, India",Yes,2156,3423.25,113.29
78311,107-RW-T30,FPQ-10223,SCMS-152950,ASN-16590,Rwanda,PMO - US,Direct Drop,EXW,Air,7/5/2012,7/16/2012,22-Oct-12,22-Oct-12,22-Oct-12,ARV,Adult,HETERO LABS LIMITED,"Lamivudine/Nevirapine/Stavudine 150/200/30mg, tablets, 60 Tabs",Lamivudine/Nevirapine/Stavudine,Generic,150/200/30mg,Tablet - FDC,60,40000,175600.0,4.39,0.07,Hetero Unit III Hyderabad IN,Yes,4479,36677.08,246.19
85747,114-UG-T30,FPQ-7166,SO-38880,DN-2133,Uganda,PMO - US,From RDC,N/A - From RDC,Air,2/11/2011,N/A - From RDC,11-Mar-11,22-Mar-11,22-Mar-11,ARV,Adult,SCMS from RDC,"Zidovudine 300mg, tablets, 60 Tabs",Zidovudine,Generic,300mg,Tablet,60,10000,72100.0,7.21,0.12,"Aurobindo Unit III, India",Yes,1108,10648.62,118.96
58264,108-VN-T30,FPQ-3896,SCMS-48290,ASN-4872,Vietnam,PMO - US,Direct Drop,EXW,Air,6/25/2009,6/29/2009,30-Sep-09,30-Sep-09,30-Sep-09,ARV,Adult,MYLAN LABORATORIES LTD (FORMERLY MATRIX LABORATORIES),"Tenofovir Disoproxil Fumarate 300mg, tablets, 30 Tabs",Tenofovir Disoproxil Fumarate,Generic,300mg,Tablet,30,2520,20790.0,8.25,0.28,Mylan (formerly Matrix) Nashik,No,See ASN-4872 (ID#:13652),See ASN-4872 (ID#:13652),40.75
70014,116-ZA-T30,FPQ-11828,SCMS-183950,ASN-19166,South Africa,South Africa Field Office,Direct Drop,DDP,Truck,3/18/2013,Date Not Captured,16-Apr-13,16-Apr-13,16-Apr-13,ARV,Adult,S. BUYS WHOLESALER,"Lamivudine/Zidovudine 150/300mg [Combivir], tablets, 60 Tabs",Lamivudine/Zidovudine,Combivir,150/300mg,Tablet - FDC,60,2,71.35,35.67,0.59,"GSK, U1, Poznan, Poland",No,Weight Captured Separately,Freight Included in Commodity Cost,0.09
85541,114-UG-T30,FPQ-14396,SO-49020,DN-4007,Uganda,PMO - US,From RDC,N/A - From RDC,Truck,6/4/2014,N/A - From RDC,31-Oct-14,25-Nov-14,28-Nov-14,ARV,Adult,SCMS from RDC,"Abacavir/Lamivudine 600/300mg, tablets, 30 Tabs",Abacavir/Lamivudine,Generic,600/300mg,Tablet - FDC,30,5403,73048.56,13.52,0.45,Mylan (formerly Matrix) Nashik,Yes,490,2016.1,75.09
10406,133-NG-T01,Pre-PQ Process,SCMS-43321,ASN-4294,Nigeria,PMO - US,Direct Drop,EXW,Air,Pre-PQ Process,5/14/2009,24-Jun-09,24-Jun-09,24-Jun-09,HRDT,HIV test,"Orgenics, Ltd","HIV 1/2, Determine Complete HIV Kit, 100 Tests","HIV 1/2, Determine Complete HIV Kit",Determine,,Test kit,100,6393,511440.0,80.0,0.8,Inverness Japan,Yes,1920,30697.91,1002.42
17796,110-ZM-T30,FPQ-14790,SCMS-253021,ASN-31639,Zambia,PMO - US,Direct Drop,FCA,Air,8/13/2014,8/20/2014,9-Jun-15,9-Jun-15,9-Jun-15,ARV,Pediatric,ABBVIE LOGISTICS (FORMERLY ABBOTT LOGISTICS BV),"Lopinavir/Ritonavir 80/20mg/ml [Kaletra], oral solution, cool, Bottle 5 x 60 ml",Lopinavir/Ritonavir,Kaletra,80/20mg/ml,Oral solution,300,2266,69838.12,30.82,0.1,ABBVIE (Abbott) Logis. UK,Yes,2277,13894.08,71.79
85892,102-CD-T30,FPQ-9906,SO-42340,DN-2812,"Congo, DRC",PMO - US,From RDC,N/A - From RDC,Air,5/15/2012,N/A - From RDC,14-Feb-13,14-Feb-13,14-Feb-13,ARV,Adult,SCMS from RDC,"Lopinavir/Ritonavir 200/50mg, tablets, 120 Tabs",Lopinavir/Ritonavir,Generic,200/50mg,Tablet,120,306,8968.86,29.31,0.24,Mylan (formerly Matrix) Nashik,No,See DN-2812 (ID#:83068),See DN-2812 (ID#:83068),12.57
10830,109-TZ-T01,Pre-PQ Process,SO-606,DN-168,Tanzania,PMO - US,From RDC,N/A - From RDC,Air,Pre-PQ Process,N/A - From RDC,6-Jul-07,6-Jul-07,6-Jul-07,ARV,Adult,SCMS from RDC,"Abacavir 300mg, tablets, 60 Tabs",Abacavir,Generic,300mg,Tablet,60,6781,242759.8,35.8,0.6,"Aurobindo Unit III, India",Yes,675,2440,
16496,109-TZ-T30,FPQ-13418,SCMS-219200,ASN-24662,Tanzania,PMO - US,Direct Drop,EXW,Air,12/13/2013,12/27/2013,25-Apr-14,25-Apr-14,25-Apr-14,ARV,Adult,HETERO LABS LIMITED,"Zidovudine 300mg, tablets, 60 Tabs",Zidovudine,Generic,300mg,Tablet,60,63200,347600.0,5.5,0.09,Hetero Unit III Hyderabad IN,Yes,4007,23397.41,357.33
83046,102-CD-T30,FPQ-9640,SO-41850,DN-2697,"Congo, DRC",PMO - US,From RDC,N/A - From RDC,Air,4/2/2012,N/A - From RDC,11-Sep-12,11-Sep-12,11-Sep-12,ARV,Pediatric,SCMS from RDC,"Nevirapine 10mg/ml, oral suspension w/syringe, Bottle, 240 ml",Nevirapine,Generic,10mg/ml,Oral suspension,240,1500,2925.0,1.95,0.01,"Aurobindo Unit III, India",No,See DN-2697 (ID#:83045),See DN-2697 (ID#:83045),4.1
11666,151-NG-T01,Pre-PQ Process,SO-27814,DN-1349,Nigeria,PMO - US,From RDC,N/A - From RDC,Air Charter,Date Not Captured,N/A - From RDC,4-Aug-09,4-Aug-09,4-Aug-09,ARV,Adult,SCMS from RDC,"Emtricitabine/Tenofovir Disoproxil Fumarate 200/300mg [Truvada], tablets, 30 Tabs",Emtricitabine/Tenofovir Disoproxil Fumarate,Truvada,300/200mg,Tablet - FDC,30,873,22916.25,26.25,0.88,"Aspen-OSD, Port Elizabeth, SA",Yes,76,7445.8,44.92
10937,105-GY-T01,Pre-PQ Process,SO-1239,DN-557,Guyana,PMO - US,From RDC,N/A - From RDC,Air,Pre-PQ Process,N/A - From RDC,24-Jan-08,24-Jan-08,24-Jan-08,ARV,Adult,SCMS from RDC,"Lamivudine/Zidovudine 150/300mg, tablets, 60 Tabs",Lamivudine/Zidovudine,Generic,150/300mg,Tablet - FDC,60,1008,9576.0,9.5,0.16,"Aurobindo Unit III, India",No,See DN-557 (ID#:10663),See DN-557 (ID#:10663),15.32
39933,108-VN-T30,FPQ-15040,SCMS-263630,ASN-31646,Vietnam,PMO - US,Direct Drop,EXW,Air,10/30/2014,12/8/2014,1-Jun-15,1-Jun-15,1-Jun-15,ARV,Adult,MYLAN LABORATORIES LTD (FORMERLY MATRIX LABORATORIES),"Lamivudine/Zidovudine 150/300mg, tablets, 60 Tabs",Lamivudine/Zidovudine,Generic,150/300mg,Tablet - FDC,60,16800,109032.0,6.49,0.11,Mylan (formerly Matrix) Nashik,Yes,1456,2984,112.08
55053,105-GY-T30,FPQ-12057,SCMS-189040,ASN-19842,Guyana,PMO - US,Direct Drop,EXW,Air,4/15/2013,5/23/2013,1-Jul-13,1-Jul-13,1-Jul-13,ARV,Adult,Aurobindo Pharma Limited,"Stavudine 15mg, capsules, 60 Caps",Stavudine,Generic,15mg,Capsule,60,10,13.0,1.3,0.02,"Aurobindo Unit III, India",Yes,1,618.89,0.02
42073,A01-BF-T50,FPQ-15908,SCMS-285180,ASN-32998,Burkina Faso,PMO - US,Direct Drop,EXW,Air,2/19/2015,4/22/2015,11-Jul-15,11-Jul-15,20-Jul-15,ARV,Adult,HETERO LABS LIMITED,"Lamivudine 300mg, tablets, 30 Tabs",Lamivudine,Generic,300mg,Tablet,30,140,280.0,2.0,0.07,Hetero Unit III Hyderabad IN,Yes,Weight Captured Separately,Invoiced Separately,0.33
85355,114-UG-T30,FPQ-11133,SO-43890,DN-3122,Uganda,PMO - US,From RDC,N/A - From RDC,Truck,12/13/2012,N/A - From RDC,7-Jun-13,7-Jun-13,7-Jun-13,ARV,Adult,SCMS from RDC,"Lamivudine/Nevirapine/Zidovudine 150/200/300mg, tablets, 60 Tabs",Lamivudine/Nevirapine/Zidovudine,Generic,150/300/200mg,Tablet - FDC,60,68736,589754.88,8.58,0.14,Hetero Unit III Hyderabad IN,No,See DN-3122 (ID#:82570),See DN-3122 (ID#:82570),729.53
62107,108-VN-T30,FPQ-9001,SCMS-131650,ASN-14875,Vietnam,PMO - US,Direct Drop,EXW,Air,12/15/2011,1/18/2012,5-Jun-12,5-Jun-12,5-Jun-12,ARV,Pediatric,Aurobindo Pharma Limited,"Lamivudine 10mg/ml, oral solution w/syringe, Bottle, 240 ml",Lamivudine,Generic,10mg/ml,Oral solution,240,300,555.0,1.85,0.01,"Aurobindo Unit III, India",No,See ASN-14875 (ID#:35053),See ASN-14875 (ID#:35053),0.78
6398,116-ZA-T01,Pre-PQ Process,SCMS-40850,ASN-3611,South Africa,PMO - US,Direct Drop,DDP,Air,Pre-PQ Process,Date Not Captured,16-Jun-09,28-Jan-09,28-Jan-09,ARV,Adult,S. BUYS WHOLESALER,"Stavudine 30mg, capsules, 60 Caps",Stavudine,Generic,30mg,Capsule,60,20213,50734.63,2.51,0.04,"Aurobindo Unit III, India",No,Weight Captured Separately,Freight Included in Commodity Cost,99.44
85981,104-CI-T30,FPQ-11253,SO-44220,DN-3216,Côte d'Ivoire,PMO - US,From RDC,N/A - From RDC,Truck,12/14/2012,N/A - From RDC,31-Jul-13,6-Aug-13,6-Aug-13,ARV,Pediatric,SCMS from RDC,"Zidovudine 10mg/ml, oral solution w/syringe, Bottle, 240 ml",Zidovudine,Generic,10mg/ml,Oral solution,240,2000,4200.0,2.1,0.01,"Aurobindo Unit III, India",No,See DN-3216 (ID#:83701),See DN-3216 (ID#:83701),5.2
23120,116-ZA-T30,FPQ-14942,SCMS-259079,ASN-33852,South Africa,PMO - US,Direct Drop,DDP,Truck,9/11/2014,10/9/2014,24-Aug-15,24-Aug-15,24-Aug-15,ARV,Adult,PHARMACY DIRECT,"Tenofovir Disoproxil Fumarate 300mg, tablets, 30 Tabs",Tenofovir Disoproxil Fumarate,Generic,300mg,Tablet,30,36,534.69,14.85,0.5,Mylan (formerly Matrix) Nashik,No,Weight Captured Separately,Freight Included in Commodity Cost,0.55
10998,111-MZ-T01,Pre-PQ Process,SO-2524,DN-858,Mozambique,PMO - US,From RDC,N/A - From RDC,Truck,Pre-PQ Process,N/A - From RDC,5-Sep-08,5-Sep-08,5-Sep-08,ARV,Adult,SCMS from RDC,"Lamivudine/Nevirapine/Stavudine 150/200/30mg, tablets, 60 Tabs",Lamivudine/Nevirapine/Stavudine,Generic,150/200/30mg,Tablet - FDC,60,80000,576000.0,7.2,0.12,"Strides, Bangalore, India.",Yes,11515,Freight Included in Commodity Cost,921.6
83486,106-HT-T30,FPQ-6801,SO-38620,DN-2114,Haiti,PMO - US,From RDC,N/A - From RDC,Air,12/14/2010,N/A - From RDC,28-Feb-11,14-Feb-11,14-Feb-11,ARV,Pediatric,SCMS from RDC,"Abacavir 20mg/ml, oral solution w/syringe, Bottle, 240 ml",Abacavir,Generic,20mg/ml,Oral solution,240,544,7452.8,13.7,0.06,"Aurobindo Unit III, India",Yes,395,6555.75,12.3
86521,102-ZW-T30,FPQ-9927,SO-42302,DN-2881,Zimbabwe,PMO - US,From RDC,N/A - From RDC,Truck,5/15/2012,N/A - From RDC,31-Oct-12,18-Oct-12,18-Oct-12,ARV,Adult,SCMS from RDC,"Lamivudine/Tenofovir Disoproxil Fumarate 300/300mg, tablets, 30 Tabs",Lamivudine/Tenofovir Disoproxil Fumarate,Generic,300/300mg,Tablet - FDC,30,16799,90042.64,5.36,0.18,Hetero Unit III Hyderabad IN,No,Weight Captured Separately,Freight Included in Commodity Cost,126.24
12496,123-NG-T01,Pre-PQ Process,SO-2553,DN-836,Nigeria,PMO - US,From RDC,N/A - From RDC,Air,Pre-PQ Process,N/A - From RDC,31-Jul-08,31-Jul-08,31-Jul-08,ARV,Pediatric,SCMS from RDC,"Efavirenz 200mg, capsule, 90 Caps",Efavirenz,Generic,200mg,Capsule,90,1132,18112.0,16.0,0.18,"Aurobindo Unit III, India",No,See DN-836 (ID#:11244),See DN-836 (ID#:11244),28.98
83149,114-UG-T30,FPQ-12253,SO-45470,DN-3256,Uganda,PMO - US,From RDC,N/A - From RDC,Air,5/8/2013,N/A - From RDC,6-Aug-13,20-Aug-13,20-Aug-13,ARV,Adult,SCMS from RDC,"Lamivudine/Zidovudine 150/300mg, tablets, 60 Tabs",Lamivudine/Zidovudine,Generic,150/300mg,Tablet - FDC,60,54728,383096.0,7.0,0.12,"Aurobindo Unit III, India",Yes,14143,100654.61,473.89
26996,116-ZA-T30,FPQ-14942,SCMS-259071,ASN-29597,South Africa,PMO - US,Direct Drop,DDP,Truck,9/11/2014,11/28/2014,28-Nov-14,28-Nov-14,28-Nov-14,ARV,Adult,PHARMACY DIRECT,"Nevirapine 200mg, tablets, 60 Tabs",Nevirapine,Generic,200mg,Tablet,60,22,282.13,12.82,0.21,"Aurobindo Unit III, India",No,Weight Captured Separately,Freight Included in Commodity Cost,0.29
84601,111-MZ-T30,FPQ-6426,SO-37590,DN-2051,Mozambique,PMO - US,From RDC,N/A - From RDC,Truck,9/23/2010,N/A - From RDC,20-Dec-10,23-Dec-10,23-Dec-10,ARV,Adult,SCMS from RDC,"Efavirenz 600mg, tablets, 30 Tabs",Efavirenz,Generic,600mg,Tablet,30,30000,130200.0,4.34,0.14,Mylan (formerly Matrix) Nashik,No,See DN-2051 (ID#:82359),See DN-2051 (ID#:82359),280.71
83664,103-ZW-T30,FPQ-11478,SO-44280,DN-3050,Zimbabwe,PMO - US,From RDC,N/A - From RDC,Truck,1/16/2013,N/A - From RDC,30-Apr-13,23-Mar-13,23-Mar-13,ARV,Pediatric,SCMS from RDC,"Abacavir/Lamivudine 60/30mg, tablets, 60 Tabs",Abacavir/Lamivudine,Generic,60/30mg,Tablet - FDC,60,2599,11955.4,4.6,0.08,"Aurobindo Unit III, India",Yes,120,1800,14.79
43079,108-VN-T30,FPQ-10644,SCMS-161060,ASN-17400,Vietnam,PMO - US,Direct Drop,EXW,Air,9/19/2012,9/24/2012,28-Dec-12,28-Dec-12,28-Dec-12,ARV,Adult,Aurobindo Pharma Limited,"Nevirapine 200mg, tablets, 60 Tabs",Nevirapine,Generic,200mg,Tablet,60,14055,31623.75,2.25,0.04,"Aurobindo Unit III, India",Yes,1304,2220.86,44.34
18129,161-ZA-T30,FPQ-7175,SCMS-103490,ASN-11043,South Africa,PMO - US,Direct Drop,DDP,Ocean,3/10/2011,3/24/2011,2-Sep-11,2-Sep-11,2-Sep-11,ARV,Pediatric,Aurobindo Pharma Limited,"Efavirenz 200mg, capsule, 90 Caps",Efavirenz,Generic,200mg,Capsule,90,25000,204250.0,8.17,0.09,"Aurobindo Unit III, India",Yes,3313,4689.6,337.01
86144,102-BI-T30,FPQ-14112,SO-48620,DN-4003,Burundi,PMO - US,From RDC,N/A - From RDC,Air,4/18/2014,N/A - From RDC,20-Nov-14,20-Nov-14,24-Nov-14,ARV,Adult,SCMS from RDC,"Lamivudine/Nevirapine/Zidovudine 150/200/300mg, tablets, 60 Tabs",Lamivudine/Nevirapine/Zidovudine,Generic,150/300/200mg,Tablet - FDC,60,1536,12456.96,8.11,0.14,Mylan (formerly Matrix) Nashik,No,See DN-4003 (ID#:84425),See DN-4003 (ID#:84425),12.81
86247,113-ZW-T30,FPQ-4472,SO-27200,DN-1554,Zimbabwe,PMO - US,From RDC,N/A - From RDC,Truck,3/17/2009,N/A - From RDC,18-Dec-09,7-Dec-09,7-Dec-09,ARV,Adult,SCMS from RDC,"Lamivudine/Stavudine 150/30mg, tablets, 60 Tabs",Lamivudine/Stavudine,Generic,150/30mg,Tablet - FDC,60,4000,16000.0,4.0,0.07,"Cipla, Goa, India",No,See DN-1554 (ID#:84514),See DN-1554 (ID#:84514),31.36
11749,109-TZ-T01,Pre-PQ Process,SO-748,DN-230,Tanzania,PMO - US,From RDC,N/A - From RDC,Air,Pre-PQ Process,N/A - From RDC,18-Jul-07,18-Jul-07,18-Jul-07,HRDT,HIV test,SCMS from RDC,"HIV 1/2, Bioline 3.0 Kit, Lancets, Capillary pipets, Alcohol swabs included, 25 Tests","HIV 1/2, Bioline 3.0 Kit, Lancets, Capillary pipets, Alcohol swabs included",Bioline,,Test kit,25,6356,127120.0,20.0,0.8,"Standard Diagnostics, Korea",Yes,1879,9538.74,203.39
84736,110-ZM-T30,FPQ-9081,SO-41282,DN-2748,Zambia,PMO - US,From RDC,N/A - From RDC,Truck,12/22/2011,N/A - From RDC,31-Jul-12,30-Jul-12,30-Jul-12,ARV,Adult,SCMS from RDC,"Nevirapine 200mg, tablets, 60 Tabs",Nevirapine,Generic,200mg,Tablet,60,16947,41011.74,2.42,0.04,Mylan (formerly Matrix) Nashik,Yes,1956,8709,57.5
84820,151-NG-T30,FPQ-11022,SO-44261,DN-3163,Nigeria,PMO - US,From RDC,N/A - From RDC,Air Charter,11/15/2012,N/A - From RDC,28-May-13,3-May-13,3-May-13,ARV,Adult,SCMS from RDC,"Efavirenz/Lamivudine/Tenofovir Disoproxil Fumarate 600/300/300mg, tablets, 30 Tabs",Efavirenz/Lamivudine/Tenofovir Disoproxil Fumarate,Generic,600/300/300mg,Tablet - FDC,30,100000,1052000.0,10.52,0.35,Hetero Unit III Hyderabad IN,Yes,14783,14547.55,1301.32
86541,101-CD-T30,FPQ-11054,SO-43680,DN-2981,"Congo, DRC",PMO - US,From RDC,N/A - From RDC,Air,11/16/2012,N/A - From RDC,11-Sep-13,11-Sep-13,11-Sep-13,ARV,Adult,SCMS from RDC,"Lamivudine/Tenofovir Disoproxil Fumarate 300/300mg, tablets, 30 Tabs",Lamivudine/Tenofovir Disoproxil Fumarate,Generic,300/300mg,Tablet - FDC,30,897,4314.57,4.81,0.16,"Cipla, Kurkumbh, India",No,See DN-2981 (ID#:82538),See DN-2981 (ID#:82538),5.34
86456,151-NG-T30,FPQ-8952,SO-41266,DN-2568,Nigeria,PMO - US,From RDC,N/A - From RDC,Air Charter,12/8/2011,N/A - From RDC,20-Jun-12,16-Feb-12,16-Feb-12,ARV,Adult,SCMS from RDC,"Nevirapine 200mg, tablets, 60 Tabs",Nevirapine,Generic,200mg,Tablet,60,98645,254504.1,2.58,0.04,"Aurobindo Unit III, India",No,See DN-2568 (ID#:82455),See DN-2568 (ID#:82455),356.81
32359,102-SD-T30,FPQ-6991,SCMS-100300,ASN-10450,Sudan,PMO - US,Direct Drop,EXW,Air,2/5/2011,3/2/2011,29-Apr-11,29-Apr-11,29-Apr-11,HRDT,HIV test,"Standard Diagnostics, Inc.","HIV 1/2, Bioline 3.0 Kit, Lancets, Capillary pipets, Alcohol swabs included, 25 Tests","HIV 1/2, Bioline 3.0 Kit, Lancets, Capillary pipets, Alcohol swabs included",Bioline,,Test kit,25,17,340.0,20.0,0.8,"Standard Diagnostics, Korea",Yes,244,2701.16,0.56
84999,104-CI-T30,FPQ-13628,SO-47890,DN-4027,Côte d'Ivoire,PMO - US,From RDC,N/A - From RDC,Truck,1/29/2014,N/A - From RDC,30-Jan-15,19-Dec-14,23-Dec-14,ARV,Adult,SCMS from RDC,"Lamivudine/Zidovudine 150/300mg, tablets, 60 Tabs",Lamivudine/Zidovudine,Generic,150/300mg,Tablet - FDC,60,126840,853633.2,6.73,0.11,Hetero Unit III Hyderabad IN,Yes,11283,42947.44,877.53
74035,116-ZA-T30,FPQ-12522,SCMS-199283,ASN-27979,South Africa,PMO - US,Direct Drop,DDP,Truck,7/11/2013,8/27/2014,27-Aug-14,27-Aug-14,27-Aug-14,ARV,Adult,S. BUYS WHOLESALER,"Zidovudine 300mg, tablets, 60 Tabs",Zidovudine,Generic,300mg,Tablet,60,11,306.08,27.83,0.46,"Aurobindo Unit III, India",No,Weight Captured Separately,Freight Included in Commodity Cost,0.38
85205,900-SZ-T30,FPQ-8417,SO-40690,DN-2388,Swaziland,PMO - US,From RDC,N/A - From RDC,Air,9/14/2011,N/A - From RDC,12-Dec-11,18-Oct-11,18-Oct-11,ARV,Adult,SCMS from RDC,"Nevirapine 200mg, tablets, 60 Tabs",Nevirapine,Generic,200mg,Tablet,60,8277,21354.66,2.58,0.04,Hetero Unit III Hyderabad IN,No,See DN-2388 (ID#:83539),See DN-2388 (ID#:83539),35.24
83683,151-NG-T30,FPQ-11771,SO-44751,DN-3144,Nigeria,PMO - US,From RDC,N/A - From RDC,Air Charter,2/28/2013,N/A - From RDC,21-Aug-13,3-May-13,3-May-13,ARV,Adult,SCMS from RDC,"Abacavir/Lamivudine 600/300mg, scored tablets, 30 Tabs",Abacavir/Lamivudine,Generic,600/300mg,Tablet - FDC,30,3820,55657.4,14.57,0.49,"Aurobindo Unit III, India",Yes,3917,14547.55,68.85
82299,104-CI-T30,FPQ-4659,SO-35561,DN-1681,Côte d'Ivoire,PMO - US,From RDC,N/A - From RDC,Air,12/8/2009,N/A - From RDC,10-May-10,11-Mar-10,11-Mar-10,ARV,Pediatric,SCMS from RDC,"Didanosine 200mg, chewable/dispersible tablets, 60 Tabs",Didanosine,Generic,200mg,Chewable/dispersible tablet,60,260,4030.0,15.5,0.26,"Aurobindo Unit III, India",Yes,54,1042.58,8.69
36539,114-UG-T30,FPQ-10787,SCMS-163460,ASN-17750,Uganda,PMO - US,Direct Drop,EXW,Air,10/10/2012,10/25/2012,21-Jan-13,21-Jan-13,21-Jan-13,ARV,Adult,MYLAN LABORATORIES LTD (FORMERLY MATRIX LABORATORIES),"Atazanavir/Ritonavir 300/100mg, tablets, 30 Tabs",Atazanavir/Ritonavir,Generic,300/100mg,Tablet,30,1665,37462.5,22.5,0.75,Mylan (formerly Matrix) Nashik,Yes,420,3900.39,46.34
86065,104-CI-T30,FPQ-12800,SO-46380,DN-3601,Côte d'Ivoire,PMO - US,From RDC,N/A - From RDC,Air,8/9/2013,N/A - From RDC,31-Mar-14,14-Apr-14,22-May-14,ARV,Adult,SCMS from RDC,"Lamivudine 150mg, tablets, 60 Tabs",Lamivudine,Generic,150mg,Tablet,60,519,1115.85,2.15,0.04,"Micro labs, Verna, Goa, India",No,See DN-3601 (ID#:85453),See DN-3601 (ID#:85453),1.38
3736,116-ZA-T01,Pre-PQ Process,SCMS-40780,ASN-3607,South Africa,PMO - US,Direct Drop,DDP,Air,Pre-PQ Process,Date Not Captured,17-Mar-09,28-Nov-08,28-Nov-08,ARV,Adult,S. BUYS WHOLESALER,"Stavudine 30mg, capsules, 60 Caps",Stavudine,Generic,30mg,Capsule,60,3675,9371.25,2.55,0.04,"Aurobindo Unit III, India",No,Weight Captured Separately,Freight Included in Commodity Cost,18.37
86258,102-SD-T30,FPQ-3812,SO-34550,DN-1624,Sudan,PMO - US,From RDC,N/A - From RDC,Air,6/3/2009,N/A - From RDC,30-Nov-09,22-Nov-09,22-Nov-09,HRDT,HIV test,SCMS from RDC,"HIV 1/2, Bioline 3.0 Kit, Lancets, Capillary pipets, Alcohol swabs included, 25 Tests","HIV 1/2, Bioline 3.0 Kit, Lancets, Capillary pipets, Alcohol swabs included",Bioline,,Test kit,25,100,2000.0,20.0,0.8,"Standard Diagnostics, Korea",No,See DN-1624 (ID#:82856),See DN-1624 (ID#:82856),3.92
84357,105-GY-T30,FPQ-13567,SO-47740,DN-3640,Guyana,PMO - US,From RDC,N/A - From RDC,Air,1/16/2014,N/A - From RDC,30-Jun-14,25-Apr-14,13-May-14,ARV,Pediatric,SCMS from RDC,"Abacavir 20mg/ml, oral solution w/syringe, Bottle, 240 ml",Abacavir,Generic,20mg/ml,Oral solution,240,36,301.68,8.38,0.03,"Aurobindo Unit III, India",Yes,22,892.96,0.31
27267,108-VN-T30,FPQ-10286,SCMS-156130,ASN-17075,Vietnam,PMO - US,Direct Drop,EXW,Air,7/25/2012,8/14/2012,29-Nov-12,29-Nov-12,29-Nov-12,ARV,Adult,Aurobindo Pharma Limited,"Lamivudine/Nevirapine/Zidovudine 150/200/300mg, tablets, 60 Tabs",Lamivudine/Nevirapine/Zidovudine,Generic,150/300/200mg,Tablet - FDC,60,37215,320049.0,8.6,0.14,"Aurobindo Unit III, India",No,See ASN-17075 (ID#:20697),See ASN-17075 (ID#:20697),448.71
84152,900-SS-T30,FPQ-8624,SO-41080,DN-2581,South Sudan,PMO - US,From RDC,N/A - From RDC,Air,11/4/2011,N/A - From RDC,21-Mar-12,8-Mar-12,8-Mar-12,ARV,Adult,SCMS from RDC,"Lamivudine 150mg, tablets, 60 Tabs",Lamivudine,Generic,150mg,Tablet,60,200,466.0,2.33,0.04,Macleods Daman Plant INDIA,No,See DN-2581 (ID#:82457),See DN-2581 (ID#:82457),0.65
82321,111-MZ-T30,FPQ-4711,SO-35730,DN-1832,Mozambique,PMO - US,From RDC,N/A - From RDC,Truck,12/23/2009,N/A - From RDC,30-Jun-10,14-Jun-10,14-Jun-10,ARV,Adult,SCMS from RDC,"Lamivudine/Nevirapine/Zidovudine 150/200/300mg, tablets, 60 Tabs",Lamivudine/Nevirapine/Zidovudine,Generic,150/300/200mg,Tablet - FDC,60,109554,1229195.88,11.22,0.19,"Aurobindo Unit III, India",Yes,20316,25790.82,2650.15
83584,110-ZM-T30,FPQ-8476,SO-40955,DN-2624,Zambia,PMO - US,From RDC,N/A - From RDC,Truck,9/27/2011,N/A - From RDC,15-May-12,30-Apr-12,30-Apr-12,ARV,Adult,SCMS from RDC,"Lamivudine/Zidovudine 150/300mg, tablets, 60 Tabs",Lamivudine/Zidovudine,Generic,150/300mg,Tablet - FDC,60,152458,1219664.0,8.0,0.13,Mylan (formerly Matrix) Nashik,Yes,28103,36650.58,2012.45
12063,112-NG-T01,Pre-PQ Process,SO-557,DN-172,Nigeria,PMO - US,From RDC,N/A - From RDC,,Pre-PQ Process,N/A - From RDC,26-Jun-07,26-Jun-07,26-Jun-07,ARV,Adult,SCMS from RDC,"Lamivudine/Zidovudine 150/300mg, tablets, 60 Tabs",Lamivudine/Zidovudine,Generic,150/300mg,Tablet - FDC,60,203,2168.04,10.68,0.18,"Aurobindo Unit III, India",No,See DN-172 (ID#:10566),See DN-172 (ID#:10566),
10368,116-ZA-T01,Pre-PQ Process,SCMS-49530,ASN-4613,South Africa,PMO - US,Direct Drop,DDP,Truck,Pre-PQ Process,3/27/2009,25-Jun-09,17-Jun-09,17-Jun-09,ARV,Pediatric,S. BUYS WHOLESALER,"Lamivudine 10mg/ml, oral solution, Bottle, 240 ml",Lamivudine,Generic,10mg/ml,Oral solution,240,1000,5650.0,5.65,0.02,"Aurobindo Unit III, India",Yes,Weight Captured Separately,Freight Included in Commodity Cost,11.07
36147,108-VN-T30,FPQ-15692,SCMS-274370,ASN-32258,Vietnam,PMO - US,Direct Drop,EXW,Air,1/28/2015,2/17/2015,13-Jul-15,13-Jul-15,14-Jul-15,ARV,Adult,HETERO LABS LIMITED,"Nevirapine 200mg, tablets, 60 Tabs",Nevirapine,Generic,200mg,Tablet,60,10000,21600.0,2.16,0.04,Hetero Unit III Hyderabad IN,No,See ASN-32258 (ID#:29880),See ASN-32258 (ID#:29880),25.42
11249,117-ET-T01,Pre-PQ Process,SO-1964,DN-659,Ethiopia,PMO - US,From RDC,N/A - From RDC,Air,Pre-PQ Process,N/A - From RDC,12-Mar-08,12-Mar-08,12-Mar-08,ARV,Adult,SCMS from RDC,"Lamivudine 150mg, tablets, 60 Tabs",Lamivudine,Generic,150mg,Tablet,60,14044,42693.76,3.04,0.05,"Ranbaxy, Paonta Shahib, India",Yes,732,2963.8,68.31
84296,109-TZ-T30,FPQ-12015,SO-44980,DN-3347,Tanzania,PMO - US,From RDC,N/A - From RDC,Truck,4/2/2013,N/A - From RDC,31-Oct-13,4-Nov-13,6-Nov-13,ARV,Pediatric,SCMS from RDC,"Nevirapine 10mg/ml, oral suspension w/syringe, Bottle, 100 ml",Nevirapine,Generic,10mg/ml,Oral suspension,100,56540,73502.0,1.3,0.01,"Aurobindo Unit III, India",No,See DN-3347 (ID#:82611),See DN-3347 (ID#:82611),90.92
81535,106-HT-T30,FPQ-13494,SCMS-225421,ASN-25828,Haiti,PMO - US,Direct Drop,EXW,Air,1/21/2014,2/19/2014,23-Jun-14,23-Jun-14,1-Jul-14,HRDT,HIV test,"SHANGHAI KEHUA BIOENGINEERING CO.,LTD.  (KHB)","HIV 1/2, SKB Colloidal Gold, Diagnostic Kit, Antibody, 50 Tests","HIV 1/2, Colloidal Gold, Diagnostic Kit, Antibody",Colloidal Gold,,Test kit,1,350,8575.0,24.5,24.5,"KHB Test Kit Facility, Shanghai China",Yes,240,2836.14,8.82
82969,106-HT-T30,FPQ-6801,SO-38213,DN-2310,Haiti,PMO - US,From RDC,N/A - From RDC,Air,12/14/2010,N/A - From RDC,19-Jul-11,11-Aug-11,11-Aug-11,ARV,Adult,SCMS from RDC,"Nevirapine 200mg, tablets, 60 Tabs",Nevirapine,Generic,200mg,Tablet,60,34100,85591.0,2.51,0.04,Hetero Unit III Hyderabad IN,No,See DN-2310 (ID#:82968),See DN-2310 (ID#:82968),141.23
34727,133-NG-T30,FPQ-12456,SCMS-196561,ASN-22351,Nigeria,PMO - US,Direct Drop,EXW,Air,6/10/2013,7/10/2013,7-Nov-13,11-Nov-13,17-Nov-13,HRDT,HIV test,"Orgenics, Ltd","HIV 1/2, Determine Complete HIV Kit, 100 Tests","HIV 1/2, Determine Complete HIV Kit",Determine,,Test kit,100,3038,270382.0,89.0,0.89,"Alere Medical Co., Ltd.",Yes,1234,21084.84,334.46
54986,133-NG-T30,FPQ-7634,SCMS-108730,ASN-12331,Nigeria,PMO - US,Direct Drop,EXW,Air,4/28/2011,5/18/2011,12-Oct-11,12-Oct-11,12-Oct-11,HRDT,HIV test,"CHEMBIO DIAGNOSTIC SYSTEMS, INC.","HIV 1/2, Stat-Pak HIV, Kit, 20 Tests","HIV 1/2, Stat-Pak HIV, Kit",Stat-Pak,,Test kit,20,1301,37729.0,29.0,1.45,Chembio Diagnostics Sys. Inc.,Yes,376,2162.26,62.25
84978,114-UG-T30,FPQ-13693,SO-47840,DN-3930,Uganda,PMO - US,From RDC,N/A - From RDC,Truck,2/7/2014,N/A - From RDC,31-Oct-14,25-Sep-14,26-Sep-14,ARV,Pediatric,SCMS from RDC,"Lamivudine/Zidovudine 30/60mg, dispersible tablets, 60 Tabs",Lamivudine/Zidovudine,Generic,30/60mg,Chewable/dispersible tablet - FDC,60,4000,8600.0,2.15,0.04,"Cipla, Goa, India",Yes,474,1332.7,8.84
22295,161-ZA-T30,FPQ-6262,SCMS-83820,ASN-9487,South Africa,PMO - US,Direct Drop,DDP,Ocean,8/31/2010,9/24/2010,10-Mar-11,4-Mar-11,4-Mar-11,ARV,Adult,Aurobindo Pharma Limited,"Efavirenz 600mg, tablets, 30 Tabs",Efavirenz,Generic,600mg,Tablet,30,108129,489824.37,4.53,0.15,"Aurobindo Unit III, India",Yes,9280,15331.51,1056.06
82806,101-CD-T30,FPQ-16158,SO-51270,DN-4285,"Congo, DRC",PMO - US,From RDC,N/A - From RDC,Air,3/31/2015,N/A - From RDC,8-Jul-15,30-Jul-15,30-Jul-15,ARV,Adult,SCMS from RDC,"Lopinavir/Ritonavir 200/50mg, tablets, 120 Tabs",Lopinavir/Ritonavir,Generic,200/50mg,Tablet,120,2710,52465.6,19.36,0.16,"Aurobindo Unit III, India",Yes,731,9041.74,61.75
19289,106-HT-T30,FPQ-12590,SCMS-210440,ASN-23016,Haiti,PMO - US,Direct Drop,FCA,Air,8/21/2013,10/22/2013,23-Jan-14,23-Jan-14,24-Jan-14,ARV,Adult,ABBVIE LOGISTICS (FORMERLY ABBOTT LOGISTICS BV),"Lopinavir/Ritonavir 200/50mg [Aluvia], tablets, 120 Tabs",Lopinavir/Ritonavir,Aluvia,200/50mg,Tablet,120,646,12480.72,19.32,0.16,ABBVIE Ludwigshafen Germany,Yes,166,737.11,15.44
37470,101-CD-T30,FPQ-16001,SCMS-280210,ASN-31750,"Congo, DRC",PMO - US,Direct Drop,EXW,Air,3/10/2015,3/16/2015,2-Jul-15,2-Jul-15,30-Jul-15,HRDT,HIV test,"Trinity Biotech, Plc","HIV 1/2, Uni-Gold HIV Kit, 20 Tests","HIV 1/2, Uni-Gold HIV Kit",Uni-Gold,,Test kit,20,34,1088.0,32.0,1.6,"Trinity Biotech, Plc",No,See ASN-31750 (ID#:19272),See ASN-31750 (ID#:19272),1.28
83386,114-UG-T30,FPQ-4275,SO-33970,DN-1576,Uganda,PMO - US,From RDC,N/A - From RDC,Air,9/17/2009,N/A - From RDC,20-Dec-09,26-Nov-09,26-Nov-09,ARV,Adult,SCMS from RDC,"Efavirenz 600mg, tablets, 30 Tabs",Efavirenz,Generic,600mg,Tablet,30,12100,69938.0,5.78,0.19,"Aurobindo Unit III, India",Yes,36,3602.34,137.08
72425,116-ZA-T30,FPQ-13973,SCMS-238556,ASN-31854,South Africa,PMO - US,Direct Drop,DDP,Truck,4/30/2014,4/28/2015,28-Apr-15,28-Apr-15,28-Apr-15,ARV,Adult,PHARMACY DIRECT,"Emtricitabine/Tenofovir Disoproxil Fumarate 200/300mg, tablets, 30 Tabs",Emtricitabine/Tenofovir Disoproxil Fumarate,Generic,200/300mg,Tablet - FDC,30,2,60.42,30.21,1.01,"Aurobindo Unit III, India",No,Weight Captured Separately,Freight Included in Commodity Cost,0.06
83222,105-GY-T30,FPQ-13071,SO-46810,DN-3577,Guyana,PMO - US,From RDC,N/A - From RDC,Air,10/9/2013,N/A - From RDC,5-Apr-14,16-Apr-14,12-May-14,ARV,Adult,SCMS from RDC,"Emtricitabine/Tenofovir Disoproxil Fumarate 200/300mg, tablets, 30 Tabs",Emtricitabine/Tenofovir Disoproxil Fumarate,Generic,200/300mg,Tablet - FDC,30,2881,16911.47,5.87,0.2,"Aurobindo Unit III, India",Yes,274,4268.06,17.38
10680,102-KE-T01,Pre-PQ Process,SO-1720,DN-830,Kenya,PMO - US,From RDC,N/A - From RDC,Truck,Pre-PQ Process,N/A - From RDC,30-May-08,30-May-08,30-May-08,HRDT,HIV test,SCMS from RDC,"HIV, Bioline HIV 1/2 3.0 Kit, [DON] 25 Tests","HIV, Bioline HIV 1/2 3.0 Kit",Bioline,,Test kit,25,997,9.97,0.01,0.0,"Standard Diagnostics, Korea",Yes,399,417.42,0.02
